@string{ai ={Artificial Intelligence}}

@string{pr ={Pattern Recognition}}

@string{prl ={Pattern Recognition Letters}}

@string{ml ={Machine Learning}}

@string{tc ={Transactions on Computers}}

@string{jc ={Journal of Classification}}

@string{mp ={Mathematical Programming}}

@string{bc ={Biological Cybernetics}}

@string{ijcv = {International Journal of Computer Vision ({IJCV})}}

@string{cviu = {Computer Vision and Image Understanding}}

@string{csl = {Computer Speech and Language}}

@string{dsp = {Digital Signal Processing}}

@string{csur = {ACM Computing Surveys}}

@string{if = {Information Fusion}}


@string{jbd = {Journal of Big Data}}

@string{jcss = {Journal of Computer and System Sciences}}

@string{jmlr = {Journal of Machine Learning Research}}

@string{jair = {Journal of Artificial Intelligence Research}}

@string{jspi = {Journal of Statistical Planning and Inference}}

@string{tsmc= {Transactions on Systems, Man and Cybernetics}}

@string{tip = {Transactions on Image Processing}}

@string{pami = {Transactions of Pattern Recognition and Machine Analyses ({PAMI})}}

@string{tnn = {Transactions on  Neural Networks }}

@string{tnnls = {Transactions on  Neural Networks and Learning Systems}}


@string{tkde = {Transactions on Knowledge and Data Engineering}} 

@string{spm = {Signal Processing Magazine}}

@string{fttcs = {Foundations and Trends in Theoretical Computer Science}}

@string{ftcgv = {Foundations and Trends in Computer Graphics and Vision}}


@string{acmmm = {{ACM Multimedia}}}

@string{acl = {Annual Meeting of the Association for Computational Linguistics({ACL})}}

@string{naacl = {Annual Conference of the North American Chapter of the Association for 
Computational Linguistics: Human Language Technologies ({NAACL HLT})}}

@string{eacl = {Conference of the European Chapter of the Association for Computational Linguistics ({EACL})}}

@string{aistats = {International Conference on Artificial Intelligence and Statistics ({AISTATS})}}

@string{aaai = {AAAI Conference on Artificial Intelligence ({AAAI})}}

@string{bmvc = {BMVA British Machine Vision Conference ({BMVC})}}

@string{cvpr = {IEEE Conference on Computer Vision and Pattern Recognition ({CVPR})}}

@string{cikm = {ACM International Conference on Information and Knowledge Management ({CIKM})}}

@string{clef= {Cross Language Evaluation Forum ({CLEF})}}

@string{clefwn= {{CLEF} online Working Notes}}

@string{eccv = {European Conference on Computer Vision ({ECCV})}}

@string{accv = {Asian Conference on Computer Vision ({ACCV})}}

@string{iccv = {IEEE International  Conference on Computer Vision ({ICCV})}}

@string{colt = {Annual Conference on Learning Theory ({COLT})}}

@string{emnlp = {International Conference on Empirical Methods in Natural Language Processing ({EMNLP})}}

@string{icip = {International  Conference on Image Processing  ({ICIP})}}

@string{iclr = {International Conference on Learning representations ({ICLR})}}

@string{icml = {International  Conference on Machine Learning ({ICML})}}

@string{icpr = {International Conference on Pattern Recognition ({ICPR})}}

@string{icdar = {International Conference on Document Analysis and Recognition ({ICDAR})}}

@string{icra = {International Conference on Robotics and Automation ({ICRA})}}

@string{icb = {International Conference on Biometrics ({ICB})}}


@string{ijcai ={AAAI International Joint Conference on Artificial Intelligence ({IJCAI})}}

@string{nips = {Annual Conference on Neural Information Processing Systems ({NIPS})}}

@string{pkdd={European Conference on Machine Learning and Knowledge Discovery in Databases ({ECML PKDD})}}

@string{eamt={Annual Conference of the European Association for Machine Translation ({EAMT})}}

@string{eurocolt={European Conference on Computational Learning Theory ({EuroCOLT})}}


@string{sigkdd={{ACM} {SIGKDD} Conference on Knowledge Discovery and Data Mining ({SIGKDD})}}

@string{sigmod={{ACM SIGMOD} International Conference on Management of Data ({SIGMOD})}}

@string{www={International Conference on World Wide Web ({WWW})}}

@string{siggraph = {SIGGRAPH}}

@string{sicdm ={{SIAM} International Conference on Data Mining ({ICDM})}}


@misc{tab1,
	title = {----------------------------- JOURNALS -----------------------------------}
}


@Article{FischlerTC73Representation,
 Author 			= {Fischler, Martin A. and Elschlager, Robert A.},
 Title  			= {The Representation and Matching of Pictorial Structures},
 Journal  			= tc,
 Volume  			= {22},
 Number  			= {1},
 Year  				= {1973},
 Pages  			= {67--92},
 Publisher 			={IEEE}
} 


@Article{FukushimaBC80SNeocognitron,
  Title 			={Neocognitron: A self-organizing neural network model for a mechanism of pattern recognition unaffected by shift in position},
  Author 			={Fukushima, Kunihiko},
  Journal			={Biological Cybernetics},
  Volume			={36},
  Number			={4},
  Pages				={193--202},
  Year				={1980},
  Publisher			={Springer}
}



@Article{HubertJC85Comparing,
  Title                    = {Comparing partitions},
  Author                   = {Hubert, Lawrence and Arabie, Phipps},
  Journal                  = jc,
  Year                     = {1985},
  Pages                    = {193â€“-218},
  Volume                   = {2},
  Publisher				   ={Springer}
}


@Article{RadaTSMC89Development,
  Title				={Development and application of a metric on semantic nets},
  Author			={Rada, Roy and Mili, Hafedh and Bicknell, Ellen and Blettner, Maria},
  Journal			=tsmc,
  Volume			={19},
  Number			={1},
  Pages				={17--30},
  Year				={1989},
  Publisher			={IEEE}
}

@Article{Cohn1994MLImproving,
  Title				={Improving generalization with active learning},
  Author			={Cohn, David and Atlas, Les and Ladner, Richard},
  Journal			= ml,
  Volume			={15},
  Number			={2},
  Pages				={201--221},
  Year				={1994},
  Publisher			={Springer}
}



  
  
@Article{BengioTNNLS94Learning,
  Title				={Learning long-term dependencies with gradient descent is difficult},
  Author			={Bengio, Yoshua and Simard, Patrice and Frasconi, Paolo},
  Journal			=tnnls,
  Volume			={5},
  Number			={2},
  Pages				={157--166},
  Year				={1994},
  Publisher			={IEEE}
}


@Article{LeggetterCSL95Maximum,
  Title				={Maximum likelihood linear regression for speaker adaptation of continuous density hidden Markov models},
  Author			={Leggetter, Christopher J. and Woodland, Philip C.},
  Journal			=csl,
  Volume			={9},
  Number			={2},
  Pages				={171--185},
  Year				={1995},
  Publisher			={Elsevier}
}




@Article{DietterichAI97Solving,
  Title				={Solving the multiple instance problem with axis-parallel rectangles},
  Author			={Dietterich, Thomas G and Lathrop, Richard H and Lozano-P{\'e}rez, Tom{\'a}s},
  Journal			=ai,
  Volume			={89},
  Number			={1},
  Pages				={31--71},
  Year				={1997},
  Publisher			={Elsevier}
}



@Article{FreundJCSS97Decision,
  Title            = {A decision-theoretic generalization of on-line learning and an application to boosting},
  Author            = {Freund, Yoav and Schapire, Robert },
 Journal			=jcss,
  Volume			={55},
  Number			={1},
  Pages				={119--139},
  Year				={1997},
  Publisher			={Elsevier}
}



@Article{Lecun98Gradient,
  Title				={Gradient-based learning applied to document recognition},
  Author			={LeCun, Yann and Bottou, L{\'e}on and Bengio, Yoshua and Haffner, Patrick},
  Journal			={Proceedings of the IEEE},
  Volume			={86},
  Number			={11},
  Pages				={2278--2324},
  Year				={1998},
  Publisher			={IEEE}
}

@Article{JainCSUR99Data,
  Title                    = {Data Clustering : A Review},
  Author                   = {Jain, Anil K. and  Murty, M. Narasimha and Flynn, Patrick J. },
  Journal                  = csur,
  Year                     = {1999},
  Number                   = {3},
  Volume                   = {31},
  Pages					   = {264--323},
  Publisher				   = {ACM}
}



@Article{Freund99Short,
  Title                    = {A short introduction to boosting},
  Author                   = {Freund, Yoav and Schapire, Robert E.},
  Journal                  = {Journal-Japanese Society For Artificial Intelligence},
  Year                     = {1999},
  Pages                    = {771-780},
  Volume                   = {14},
}


@Article{ReynoldsDSP00Speaker,
  Title				={Speaker verification using adapted {G}aussian {M}ixture {M}odels},
  Author			={Reynolds, Douglas A. and Quatieri, Thomas F. and Dunn, Robert B.},
  Journal			=dsp,
  Volume			={10},
  Number			={1},
  Pages				={19--41},
  Year				={2000},
  Publisher			={Elsevier}
  }
  
@Article{ShimodairaJSPI00Improving,
  Title				={Improving predictive inference under covariate shift by weighting the log-likelihood function},
  Author			={Shimodaira, Hidetoshi},
  Journal			=jspi,
  Volume			={90},
  Number			={2},
  Pages				={227--244},
  Year				={2000},
  Publisher			={Elsevier}
}  
  

@Article{TongJMLR02Support,
  Title				={Support vector machine active learning with applications to text classification},
  Author			={Tong, Simon and Koller, Daphne},
  Journal			=jmlr,
  Volume			={2},
  Pages				={45--66},
  Year				={2002}
}


@Article{LinML02Support,
  Title                    = {Support vector machines for classification in nonstandard situations},
  Author                   = {Lin, Yi and  Lee, Yoonkyung  and Wahba, Grace},
  Journal                  = ml,
  Year                     = {2002},
  Volume					= {46},
  Number                   = {1-3},
  Pages						={191--202},
  Publisher					={Kluwer Academic Publishers}
}


@Article{JapkowiczML02Class,
  Title                    = {The class imbalance problem: A systematic study},
  Author                   = {Japkowicz, Nathalie and Stephen, Shaju},
  Journal                  = {Intelligent Data Analysis},
  Year                     = {2002},
  Volume				  =  {6},
  Number                   = {1-3},
  Pages						={ 429 - 449},
  Publisher					={IOS Press}
}




@Article{LoweIJCV04Distinctive,
  Title				={Distinctive image features from scale-invariant keypoints},
  Author			={Lowe, David G},
  Journal			=ijcv,
  Volume			={60},
  Number			={2},
  Pages				={91--110},
  Year				={2004},
  Publisher			={Springer}
}


@Article{FelzenszwalbIJCV05Pictorial,
    Author 			= {Felzenszwalb, Pedro F.  and Huttenlocher, Daniel P.},
    Title 			= {Pictorial Structures for Object Recognition},
    Journal 		= ijcv,
	Volume 			= {61},	
	Number			 = {1},
    Pages 			= {55-79},
	Year 			= {2005},
    Publisher		={Springer}
}


@Article{MasashiSD05Inputdependent,
    Author 			= {Masashi, Sugiyama  and Klaus-Robert,  M\"{u}ller},
    Title 			= {Input-dependent estimation of generalization error under covariate shift},
    Journal 		= {Statistics \& Decisions},
	Volume 			= {23},	
	Number			 = {4},
    Pages 			= {249-279},
	Year 			= {2005},
    Publisher		={Oldenbourg Verlag}
}

    
   


@Article{NesterovMP05Smooth,
  Title				={Smooth minimization of non-smooth functions},
  Author			={Nesterov, Yu},
  Journal			= mp,
  Volume			={103},
  Number			={1},
  Pages				={127--152},
  Year				={2005},
  Publisher			={Springer}
}


@Article{DaumeJAIR06Domain,
  Title				={Domain adaptation for statistical classifiers},
  Author			={Daume III, Hal and Marcu, Daniel},
  Journal			=jair,
   Volume 			= {26},
	Number			 = {1},
	Pages			 = {101--126},
  Year				={2006},
  Publisher			={AAAI Press}
}



@Article{FeiFeiPAMI06Oneshot,
  Title				={One-shot learning of object categories},
  Author			={Fei-Fei, Li and Fergus, Rob and Perona, Pietro},
  Journal			=pami,
  Volume			={28},
  Number			={4},
  Pages				={594--611},
  Year				={2006},
  Publisher			={IEEE}
}


@Article{Borgwardt06Integrating,
  Title                    = {Integrating structured biological data by kernel maximum mean discrepancy},
  Author                   = { Borgwardt, Karsten M.  and Gretton, Arthur and Rasch, Malte J.  
					and Kriegel, Hans-Peter  and Sch\"{o}lkopf, Bernhard and Smola, Alex J.},
  Journal                  = {Bioinformatics},
  Year                     = {2006},
  Pages                    = {49-57},
  Volume                   = {22},
}


@Article{FeiFeiCVIU07Learning,
  Title				={Learning generative visual models from few training examples: An incremental bayesian approach tested on 101 object categories},
  Author			={Fei-Fei, Li and Fergus, Rob and Perona, Pietro},
  Journal			=cviu,
  Volume			={106},
  Number			={1},
  Pages				={57--70},
  Year				={2007}, 
  Publisher			={Elsevier}
}



@Article{LeibeIJCV09Robust,
 Author 			= {Leibe, Bastian and Leonardis, Ale\v{s} and Schiele, Bernt},
 Title 				= {Robust Object Detection with Interleaved Categorization and Segmentation},
 Journal 			= ijcv,
 Volume 			= {77},
 Number				 = {1-3},
 Year 				= {2008},
 Pages 				= {259--289},
 Publisher			={Springer}
}



@Article{VarmaPAMI09Statistical,
  Author   				 = {Varma, Manik and Zisserman, Andrew},
  Title     			= {A Statistical Approach To Material Classification Using Image Patch Exemplars},
  Journal   			= pami,
  Volume   				 = {31},
  Number   				 = {11},
  Pages    				 = {2032--2047},
  Year     				 = {2009},
  Publisher				={IEEE}
}


@Article{WeinbergerJMLR09Distance,
  Title                    = {Distance Metric Learning for Large Margin Nearest Neighbor Classification},
  Author                   = {Weinberger, Kilian Q. and Saul, Lawrence K.},
  Journal                  = jmlr,
  Year                     = {2009},
  Pages                    = {207-244},
  Volume                   = {10}
}
  
   
  

@Article{EveringhamIJCV10Pascal, 
   Author 			= {Everingham, Marc and Van~Gool, Luc and Williams, Chris and Winn, John and Zisserman, Andrew.}, 
   Title 			= {The Pascal Visual Object Classes (VOC) Challenge}, 
   Journal  		= ijcv,
   Volume			={88},
   Number			={2},
   Pages			={303--338},
   Year 			= {2010}, 
   Publisher		={Springer}
} 



@Article{FelzenszwalbPAMI10Object,
  Title				={Object detection with discriminatively trained part-based models},
  Author			={Felzenszwalb, Pedro F and Girshick, Ross B and McAllester, David and Ramanan, Deva},
  Journal			=pami,
  Volume			={32},
  Number			={9},
  Pages				={1627--1645},
  Year				={2010},
  Publisher			={IEEE}
}


@Article{ChechikJMLR10Large,
  Title                    = {Large Scale Online Learning of Image Similarity Through Ranking},
  Author                   = {Checkik, Gal and Sharma, Varun and Shalit, Uri and Bengio, Samy},
  Journal                  = jmlr,
  Year                     = {2010},
  Volume                   = {11},
  Pages					   = {1627--1645},
  }

 @Article{VincentJMLR10Stacked,
  Title                    = {Stacked Denoising Autoencoders: Learning Useful Representations in
							a Deep Network with a Local Denoising Criterion},
  Author                   = {Vincent, Pascal and Larochelle, Hugo and Lajoie, Isabelle
									Bengio, Yoshua and Manzagol, Pierre-Antoine},
  Journal                  = jmlr,
  Year                     = {2010},
  Pages                    = {3371--3408},
  Volume                   = {11},
 }
  
  
  
  @Article{BruzzonePAMI10Domain,
  Title                    = {Domain adaptation problems: A DASVM classification technique and a circular validation strategy},
  Author                   = {Bruzzone, Lorenzo and Marconcini, Mattia},
  Journal                  = pami,
  Year                     = {2010},
  Pages                    = {770--787},
  Volume                   = {32},
  Publisher				   ={IEEE}
}


@Article{PanTKDE10Survey,
  Title                    = {A survey on transfer learning},
  Author                   = {Pan, Sinno J. and Yang, Qiang},
  Journal                  = tkde,
  Year                     = {2010},
  Number                   = {10},
  Pages                    = {1345--1359},
  Volume                   = {22},
  Publisher				   ={IEEE}
  }


@InProceedings{SiTKDE10Bregman,
	Title                    = {Bregman divergence-based regularization for transfer subspace learning},
	Author                   = {Si, Si and Tao, Dacheng and B. Geng, Bo},
	Journal                  = tkde,
	Volume                   = {22},
	Year                     = {2010},
	Number                   = {7},
	Pages                    = {929 -- 942},
	Publisher				   ={IEEE}
  }

  
  
@Article{PanTNN11Domain,
  Title                    	= {Domain adaptation via transfer component analysis},
  Author                  	= {Pan, Sinno J. and  Tsang, Ivor W.and Kwok, James T. and Yang, Qiang},
  Journal                  	= tnn,
  Year                     	= {2011},
  Volume                    = {22},
  Number					= {2},
  Pages						= {199 - 210},
  Publisher				   	= {IEEE}
  }

  
@Article{KumarPAMI11Describable,
  Title				={Describable visual attributes for face verification and image search},
  Author			={Kumar, Neeraj and Berg, Alexander C. and Belhumeur, Peter N. and Nayar, Shree K.},
  Journal			=pami,
  Volume			={33},
  Number			={10},
  Pages				={1962--1977},
  Year				={2011},
  Publisher			={IEEE}
}



@Article{LiuPAMI11Siftflow,
  Title				={SiftFlow: Dense correspondence across scenes and its applications},
  Author			={Liu, Ce and Yuen, Jenny and Torralba, Antonio},
  Journal			=pami,
  Volume			={33},
  Number			={5},
  Pages				={978--994},
  Year				={2011},
  Publisher			={IEEE}
}


@Article{DuchennePAMI11Tensorbased,
  Title				={A tensor-based algorithm for high-order graph matching},
  Author			={Duchenne, Olivier and Bach, Francis and Kweon, In-So and Ponce, Jean},
  Journal			=pami,
  Volume			={33},
  Number			={12},
  Pages				={2383--2395},
  Year				={2011},
  Publisher			={IEEE}
  }





@Article{DeselaersIJCV12Weakly,
  Title			={Weakly supervised localization and learning with generic knowledge},
  Author			={Deselaers, Thomas and Alexe, Bogdan and Ferrari, Vittorio},
  Journal			=ijcv,
  Volume			={100},
  Number			={3},
  Pages				={275--293},
  Year				={2012},
  Publisher			={Springer}
}


@Article{DuanTNNLS12Domain,
  Title                    = {Domain Adaptation From Multiple Sources: {A} Domain-Dependent Regularization
 Approach},
  Author                   = {Duan, Lixin  and Xu , Dong and Tsang, Ivor W. },
  Journal                  = tnnls,
  Year                     = {2012},
  Number                   = {3},
  Pages                    = {504--518},
  Volume                   = {23},
  Publisher				={IEEE}
}


@Article{DuanPAMI12Domain,
  Title                    = {Domain transfer multiple kernel learning},
  Author                   = {Duan, Lixin  and Tsang, Ivor W. and Xu, Dong },
  Journal                  = pami,
  Year                     = {2012},
  Number                   = {3},
  Pages                    = {465--479},
  Volume                   = {34},
  Publisher				={IEEE}
}


@Article{DuanPAMI12Visual,
  Title                    = {Visual Event Recognition in Videos by Learning from Web Data},
  Author                   = {Duan, Lixin   and Xu, Dong and Tsang, Ivor W and Luo, Jiebo},
  Journal                  = pami,
  Year                     = {2012},
  Number                   = {9},
  Pages                    = {1667--1680},
  Volume                   = {34},
  Publisher				={IEEE}
}

@Article{GuoPAMI13Crossdomain,
  Title                    = {Cross-domain object recognition via input-output kernel analysis},
  Author                   = {Guo, Zhenyu and Wang,  Z. Jane},
  Journal                  = pami,
  Year                     = {2013},
  Number                   = {8},
  Pages                    = {3108â€“3119},
  Volume                   = {22},
  Publisher					={IEEE}
}


@Article{UijlingsIJCV13Selective,
  Author 			= {Uijlings, Jasper R.R.  and van de Sande, Koen E.A.  and Gevers, Theo and Smeulders, Arnold W.M. },
  Title 			= {Selective Search for Object Recognition},
  Journal		    = ijcv,
  Volume 			= {104},
  Number 			= {2},
  Pages 			= {154--171},
  Year 				= {2013},
  Publisher			={Springer}
}





@Article{YangPAMI13Articulated,
  Title				={Articulated human detection with flexible mixtures of parts},
  Author			={Yang, Yi and Ramanan, Deva},
  Journal			=pami,
  Volume			={35},
  Number			={12},
  Pages				={2878--2890},
  Year				={2013},
  Publisher			={IEEE}
}



@Article{MensinkPAMI13Distancebased,
  Title                 = {Distance-Based Image Classification: Generalizing to New Classes at Near Zero Cost},
  Author                = {T. Mensink and J. Verbeek and F. Perronnin and G. Csurka},
  Journal			    = pami,
  Year                  = {2013},
  Volume                = {35},
  Number				= {11},
  Pages					= {2624 --2637},
  Publisher				= {IEEE}
}



@Article{BelhumeurPAMI13Localizing,
  Title				={Localizing parts of faces using a consensus of exemplars},
  Author			={Belhumeur, Peter N and Jacobs, David W and Kriegman, David J and Kumar, Narendra},
  Journal			=pami,
  Volume			={35},
  Number			={12},
  Pages				={2930--2940},
  Year				={2013},
  Publisher			={IEEE}
}



@InProceedings{ZhangJMLR13Learning,
  Title                    = {Domain Adaptation under Target and Conditional Shift},
  Author                   = {Zhang, Kun and   Sch\"{o}lkopf, Bernhard and  Muandet,  Krikamol and Wang, Zhikun},
  Journal                  = jmlr,
  Pages                    = {819-827},
  Volume                   = {28},
  Number   			   		= {3},
  Year                     = {2013}
}


@Article{LiPAMI14Learning,
  Title				={Learning with augmented features for supervised and semi-supervised heterogeneous
					domain adaptation},
  Author			={Li, Wen and  Duan, Lixin and Xu, Dong and Tsang, Iwor W.},
  Journal			=pami,
  Volume			={36},
  Number			={6},
  Pages				={1134 - 1148},
  Year				={2014},
  Publisher			={IEEE}
}


@Article{GongIJCV14Learning,
  Author 			= {Gong, Boqing  and Grauman, Kristen and Sha, Fei},
  Title 			= {Learning kernels for unsupervised domain adaptation with applications to visual
				object recognition},
  Journal		    = ijcv,
  Volume 			= {109},
  Number 			= {1},
  Pages 			= {3--27},
  Year 				= {2014},
  Publisher			={Springer}
}

@Article{HoIJCV14Modeldriven,
  Author 			= {Ho, Huy Tho and Gopalan, Raghuraman},
  Title 			= {Model-driven domain adaptation on product manifolds for unconstrained face recognition},
  Journal		    = ijcv,
  Volume 			= {109},
  Number 			= {1},
  Pages 			= {110-125},
  Year 				= {2014},
  Publisher			={Springer}
}


@Article{HePAMI15Spatial,
  Title						={Spatial pyramid pooling in deep convolutional networks for visual recognition},
  Author					={He, Kaiming and Zhang, Xiangyu and Ren, Shaoqing and Sun, Jian},
  Journal					=pami,
  Volume					={37},
  Number					={9},
  Pages						={1904--1916},
  Year						={2015},
  Publisher					={IEEE}
}


@Article{VazquezPAMI14Virtual,
  Title                    = {Virtual and real world adaptation for pedestrian detection},
  Author                   = {Vazquez, David and L\'{o}pez, Antonio M.  and Mar\'{i}n, Javier 
							and Ponsa, Daniel and Ger\'{o}nimo, David},
  Journal                  = pami,
  Year                     = {2014},
   Volume					={36},
  Number					={4},
  Pages						={797 -- 809},
  Publisher					={IEEE}
}


@Article{GuillauminIJCV14Imagenet,
	Author 					= {Guillaumin, Matthieu and K{\"u}ttel, Daniel and Ferrari, Vittorio},
	Journal 				= ijcv,
	Title 					= {ImageNet Auto-Annotation with Segmentation Propagation},
	Volume					={110},
    Number					={3},
    Pages					={328--348},
	Year					 = {2014},
    Publisher				={Spinger}
	}

	
	
@Article{DworkFTTCS14Algorithmic ,
  Title                    = {The algorithmic foundations of differential privacy},
  Author                   = {Dwork, Cynthia and Roth, Aaron},
  Journal                  = fttcs,
  Year                     = {2014},
  Volume                   = {9},
  Pages					   = {211--407},
  }  
  
  
@Article{GopalanPAMI14Unsupervised,
  Title                    = {Unsupervised Adaptation Across Domain Shifts By Generating Intermediate Data Representations},
  Author                   = {Gopalan, Raghuraman and Li, Ruonan and Chellappa, Rama},
  Journal                  = pami,
  Year                     = {2014},
  Number                   = {11},
  Volume                   = {36},
  Publisher				= {IEEE}
  }
	


	
	
@Article{RussakovskyIJCV15Imagenet,
	Author 			= {Russakovsky, Olga  and Deng, Jia  and  Su, Hao and Krause, Jonathan  and Satheesh, Sanjeev 
				and Ma, Sean  and Huang, Zhiheng  and Karpathy, Andrej  and Khosla, Aditya  and Bernstein, Michael  
				and Berg, Alexander C.  and Fei-Fei, Li},
	Title 			= {ImageNet Large Scale Visual Recognition Challenge},
	Year 			= {2015},
	Journal 		  = ijcv,
	Volume			 = {115},
	Number			 = {3},
	Pages			={211-252},
  Publisher			={Spinger}
}




@ARTICLE{ShiPAMI15Bayesian,
	Author			={Shi, Zhiyuan  and Hospedales, Timothy and Xiang, Tao},
	Title={Bayesian Joint Modelling for Object Localisation in Weakly Labelled Images},
	Journal			=pami,
	Year			={2015},
	Volume			={37},
	Number			={10},
	Pages			={1959-1972},
    Publisher		= {IEEE}
}

@Article{WangTIP15Large,
  Author    		= { Wang, Chong and Huang, Kaiqi  and Ren, Weiqiang  and
              			 Zhang, Junge  and  Maybank, Stephen J.},
  Title    			 = {Large-Scale Weakly Supervised Object Localization via Latent Category
               Learning},
  Journal  			 = tip,
  Volume    		= {24},
  Number    		= {4},
  Pages 		    = {1371--1385},
  Year   		   = {2015},
  Publisher			= {IEEE}
}


@Article{GavvesIJCV15Local,
  Title				={Local Alignements for Fine-grained categorization },
  Author			={Gavves, Efstratios and Fernando, Basura and Snoek, Cees G.M. and Smeulders, Arnold W.M. and Tuytelaars, Tinne},
  Booktitle			=ijcv,
  Volume			={111},
  Number			={2},
  Pages				={191--212},
  Year				={2015},
  Publisher			={Springer}
}


@Article{ShiPAMI15Learning,
  Author   			 = {Shih, Kevin J.  and Endres, Ian  and Hoiem, Derek },
  Title    			 = {Learning Discriminative Collections of Part Detectors for Object Recognition},
  Journal  			 = pami,
  Volume   			 = {37},
  Number   			 = {8},
  Pages    			 = {1571--1584},
  Year     			 = {2015},
  Publisher				= {IEEE}
}


@Article{FernandoPRL15Joint,
  Title    			 = {Joint cross-domain classification and subspace learning for unsupervised adaptation},
  Author   			 = {Fernando, Basura and Tommasi, Tatiana and   Tuytelaars, Tinne},
  Journal  			 = prl,
  Volume   			 = {65},
  Number   			 = {1},
  Pages    			 = {60--66},
  Year     			 = {2015},
  Publisher				= {Elsevier}
}
	

	
	

@Article{SunIF15Survey,
  Title    			 = {A survey of multi-source domain adaptation},
  Author   			 = {  Sun, Shiliang Sun and Shi, Honglei and Wu, Yuanbin},
  Journal  			 = if,
  Volume   			 = {24},
  Pages    			 = {84--92},
  Year     			 = {2015},
  Publisher				= {Elsevier}
}



@Article{PatelSPM15Visual,
  Title                    = {Visual Domain Adaptation: A Survey of Recent Advances},
  Author                   = {Patel, Vishal M. and Gopalan, Raghuraman and Li, Ruonan and Chellappa, Rama},
  Journal                  = spm,
  Year                     = {2015},
  Number                   = {3},
  Volume                   = {32},
  Pages						={53--69},
  Publisher				   = {IEEE}
}




@Article{GopalanFTCGV15Domain,
  Title						={Domain Adaptation for Visual Recognition},
  Author					={Gopalan, Raghuraman and Li, Ruonan and Patel, Vishal M. and Chellappa, Rama},
  Journal 					=ftcgv,
  Number                    = {4},
  Volume                    = {8},
  Year						={2015}
}



   
   

@Article{JianIJCV16Learning,
    Author   		   = {Sun, Jian and Ponce, Jean},
    Title     		  = {Learning Dictionary of Discriminative Part Detectors for Image Categorization and Cosegmentation},
    Journal   		  = ijcv,
    Year       		 = {2016},
  Publisher			={Springer}
}







@Article{CinbisPAMI16Weakly,
  Title   		 = {Weakly Supervised Object Localization with Multi-fold Multiple Instance Learning},
  Author   		 = {Cinbis, Ramazan Gokberk and Verbeek, Jakob and Schmid, Cordelia},
  Journal   	 = pami,
  Year   		 = {2016},
  Publisher			= {IEEE}
}



@Article{WeissJBD16Survey,
  Title   		 = {A survey of transfer learning},
  Author   		 = {Weiss, Karl and Khoshgoftaar, Taghi M. and Wang, DingDing},
  Journal   	 = jbd,
   Number        = {3},
  Volume         = {9},
  Year   		 = {2016},
  Publisher	     = {Springer}
}




@misc{tab2,
	Title = {----------------------------- Book,  Bookchapter -----------------------------------}
}

@InCollection{GrettonBC09Covariate,
  Title                   = {Covariate shift by kernel mean matching},
  Author                  = {Gretton, Arthur and Smola, Alex and Huang, Jiayuan and 
						Schmittfull, Marcel and Borgwardt, Karsten and Sch\"{o}lkopf, Bernhard},
  Booktitle				= {Dataset Shift in Machine Learning},
   Editor              = {QuiÃ±onero-Candela, Joaquin  and Sugiyama, Masashi and 
							Schwaighofer, Anton  and Lawrence, Neil D.},
  Year                  = {2008},
  Publisher			 	= {The MIT Press}
}


@InCollection{PanBC12Transfer,
  Title                   = {Transfer Learning for Text Mining},
  Author                  = {Pan, Weike and Zhong, Erheng and  Yang Qiang},
  Booktitle				= {Mining Text Data},
   Editor              = {Aggarwal, Charu C.  and Zhai, ChengXiang},
	Pages                    = {223-257},						
  Year                  = {2012},
  Publisher			 	= {Springer}
}


@Book{PetersenB12Matrix,
	Title                   = {The Matrix Cookbook},
	Author                 = {Petersen, Kaare Brandt and Petersen, Michael Syskind},
	Year                  = {2012},
	Publisher			 	= {\url{http://matrixcookbook.com}}
}


@misc{tab3,
	Title = {----------------------------- CONFERENCES -----------------------------------}
}




@InProceedings{HerouxICPR98Classification,
  Title                    = {Classification method study for automatic form class identification},
  Author                   = {H\'{e}roux, Pierre and Diana, S'{e}bastien and Ribert, Arnaud 
								and Trupin, Eric},
  Booktitle                = icpr,
  Year                     = {1998},
  Pages                    = {926-928},
}



@InProceedings{MaronNIPS98Framework,
  Title			={A framework for multiple-instance learning},
  Author		={Maron, Oded and Lozano-P{\'e}rez, Tom{\'a}s},
  Booktitle		=nips,
  Pages			={570--576},
  Year			={1998}
}

@InProceedings{MaronICML98Multipleinstance,
  Title			={Multiple-Instance Learning for Natural Scene Classification.},
  Author		={Maron, Oded and Ratan, Aparna Lakshmi},
  Booktitle		=icml,
  Pages={341--349},
  Year		={1998},
}


@InProceedings{JoachimsICML99Transductive,
  Title			           = {Transductive Inference for Text Classification using Support Vector Machines},
  Author                   = {Joachims, Thorsten},
  Booktitle                = icml,
  Year                     = {1999},
}


@InProceedings{JaakkolaNIPS99Exploiting,
  Title				={Exploiting generative models in discriminative classifiers},
  Author			={Jaakkola, Tommi S. and Haussler, David},
  Booktitle			=nips,
  Pages				={487--493},
  Year				={1999}
}





@InProceedings{AgrawalSIGMOD00Privacy,
  Title                    = {Privacy-preserving Data Mining},
  Author                   = {Agrawal, Rakesh and Srikant, Ramakrishnan},
  Booktitle                 = sigmod,
  Year                     = {2000},
  Pages                    = {439--450}
}

  

@InProceedings{AndrewsNIPS02Support,
  Title			={Support vector machines for multiple-instance learning},
  Author		={Andrews, Stuart and Tsochantaridis, Ioannis and Hofmann, Thomas},
  Booktitle		=nips,
  Pages			={561--568},
  Year			={2002}
}


@InProceedings{VendrigTREC02Trec,
  Title			={TREC Feature Extraction by Active Learning.},
  Author		={Vendrig, Jeroen and Patras, Ioannis and Snoek, Cees and Worring, Marcel and den Hartog, Jurgen and Raaijmakers, Stephan and van Rest, Jeroen and van Leeuwen, David A},
  Booktitle		={TREC},
  Year			={2002}
}

@InProceedings{FergusCVPR03Object,
		Author			 = {Fergus, Rob and Perona, Perona and Zisserman, Andrew},
        Title			 = {Object Class Recognition by Unsupervised Scale-Invariant Learning},
        Booktitle		 = cvpr,
		Pages			 = {264--271},	
        Year			 = {2003}
}





@InProceedings{FergusECCV04Visual,
  Title			={A visual category filter for google images},
  Author		={Fergus, Robert and Perona, Pietro and Zisserman, Andrew},
  Booktitle		=eccv,
  Pages			={242--256},
  Year			={2004}
}


@InProceedings{ZadroznyICML04Learning,
  Title			={Learning and evaluating classifiers under sample selection bias},
  Author		={Zadrozny, Bianca},
  Booktitle		=icml,
  Year			={2004}
}


@InProceedings{DalalCVPR05Histograms,
  Title			={Histograms of oriented gradients for human detection},
  Author		={Dalal, Navneet and Triggs, Bill},
  Booktitle		=cvpr,
  Pages			={886--893},
  Year			={2005}
}

@Article{SivicICCV05Discovering,
  Title			={Discovering object categories in image collections},
  Author		={Sivic, Josef and Russell, Bryan C and Efros, Alexei A and Zisserman, Andrew and Freeman, William T},
  Booktitle		=iccv,
  Year			={2005}
}

@InProceedings{FergusICCV05Learning,
  Title			={Learning object categories from Google's image search},
  Author		={Fergus, Robert and Fei-Fei, Li and Perona, Pietro and Zisserman, Andrew},
  Booktitle		=iccv,
  Pages			={1816--1823},
  Year			={2005}
}






@InProceedings{HeinAISTATS05Hilbertian,
    Author		 = {Hein, Matthias  and Bousquet, Olivier },
    Title			 = {Hilbertian Metrics and Positive Definite Kernels on Probability Measures},
    Booktitle		 = aistats, 
    Year			 = {2005},
    Pages			 = {136--143},
}

@InProceedings{GraumanCVPR06Unsupervised,
  Author		    = {Grauman, Kristen  and Darrell, Trevor},
  Title			     = {Unsupervised Learning of Categories from Sets of Partially Matching
               Image Features},
  Booktitle		 = cvpr,
  Year			      = {2006},
}



@InProceedings{BergCVPR06Animals,
  Title			={Animals on the web},
  Author		={Berg, Tamara L. and Forsyth, David A.},
  Booktitle		=cvpr,
  Pages			={1463--1470},
  Year			={2006}
}


@InProceedings{BayECCV06Surf,
  Title                    = {SURF: Speeded up robust features},
  Author                   = {Bay, Herbert and Tuytelaars, Tinne and Van Gool, Luc},
  Booktitle                = eccv,
  Year                     = {2006},
}



@InProceedings{BlitzerEMNLP06Domain,
  Title                    = {Domain Adaptation with Structural Correspondence Learning},
  Author                   = {Blitzer, John  and McDonald, Ryan  and Pereira, Fernando},
  Booktitle                = emnlp,
  Year                     = {2006},
  Pages                    = {120--128},
}
  

@InProceedings{LiCVPR07Optimol,
	Author			={Li, Li-Jia  and Wang, Gang  and Fei-Fei, Li},
	Booktitle		=cvpr,
	Title			={{OPTIMOL}: automatic {O}nline {P}icture collec{T}ion via I{}ncremental {MO}del Learning},
	Year			={2007},
}

@InProceedings{PhilbinCVPR07Object,
	Title			={Object retrieval with large vocabularies and fast spatial matching},
	Author			={Philbin, James and Chum, Ond{\v{r}}ej and Isard, Michael and Sivic, Josef and Zisserman, Andrew},
	Booktitle		=cvpr,
	Year			={2007},
}

@InProceedings{RabinovichICCV07Objects,
  Title			={Objects in context},
  Author		={Rabinovich, Andrew and Vedaldi, Andrea and Galleguillos, Carolina and Wiewiora, Eric and Belongie, Serge},
  Booktitle		=iccv,
  Pages			={1--8},
  Year			={2007}
}



@InProceedings{SchroffICCV07Harvesting,
   Author			 = {Schroff, Florian and Criminisi, Antonio and Zisserman, Andrew},
   Title			 = {Harvesting Image Databases from the Web},
   Booktitle		 = iccv,
   Year				 = {2007}
} 




@InProceedings{KapoorICCV07Active,
  Title			={Active learning with gaussian processes for object categorization},
  Author		={Kapoor, Ashish and Grauman, Kristen and Urtasun, Raquel and Darrell, Trevor},
  Booktitle		=iccv,
  Pages			={1--8},
  Year			={2007}
}


@InProceedings{HuangICCV07Unsupervised,
  Title			={Unsupervised joint alignment of complex images},
  Author		={Huang, Gary B and Jain, Vidit and Learned-Miller, Erik},
  Booktitle		=iccv,
  Pages			={1--8},
  Year			={2007}
}



@InProceedings{HuangNIPS07Correcting,
  Title			           = {Correcting Sample Selection Bias by Unlabeled Data},
  Author                   = {Huang, Jiayuan and Smola, Alex and Gretton, Arthur and 
							Borgwardt, Karsten and Sch\"{o}lkopf, Bernhard},
  Booktitle                = nips,
  Year                     = {2007}
  }						
											
						
@InProceedings{BendavidNIPS07Analysis,
  Title                    = {Analysis of Representations for Domain Adaptation},
  Author                   = {Ben-David, Shai  and Blitzer, John  and Crammer, Koby  and Pereira, Fernando },
  Booktitle                = nips,
  Year                     = {2007},
  Pages                    = {137--144}
  }



@InProceedings{YangMM07Crossdomain,
  Title			={Cross-domain video concept detection using adaptive {SVM}s},
  Author		={Yang, Jun and Yan, Rong and Hauptmann, Alexander G.},
  Booktitle		=acmmm,
  Pages			={188--197},
  Year			={2007}
}


@InProceedings{DaiICML07Boosting,
  Title                    = {Boosting for transfer learning},
  Author                   = {Dai,  Wenyuan and Yang, Qiang and Xue, Giu-Rong  and Yu, Yong},
  Booktitle                = icml,
  Year                     = {2007},
  Pages                    = {193--200}
  }

@InProceedings{DavisICML07Informationtheoretic,
  Title                    = {Information-theoretic metric learning},
  Author                   = {Davis, Jason V.  and Kulis, Brian and Jain, Prateek 
						and Sra, Suvrit and Dhillon, Inderjit S. },
  Booktitle                = icml,
  Year                     = {2007}
  }

  
  @InProceedings{JiangACL07Instance,
  Title                    = {Instance Weighting for Domain Adaptation in {NLP}},
  Author                   = {Jiang, Jing and Zhai, ChengXiang },
  Booktitle                = acl,
  Year                     = {2007},
  Pages                    = {264â€“-271}
  }

  
  
  @InProceedings{JoutelICDAR07Curvelets,
  Title                    = {Curvelets Based Queries for {CBIR} Application in Handwriting Collections},
  Author                   = {Joutel,  Guillaume and V. Eglin, V\'{eronique} and Bres, St\'{e}phane 
						and Emptoz, Hubert },
  Booktitle                = icdar,
  Year                     = {2007},
  Pages                    = {649-653},
  Volume                   = {2}
}

  
@InProceedings{FelzenszwalbCVPR08Discriminatively,
  Title				={A discriminatively trained, multiscale, deformable part model},
  Author			={Felzenszwalb, Pedro and McAllester, David and Ramanan, Deva},
  Booktitle			=cvpr,
  Pages				={1--8},
  Year				={2008}
}

@InProceedings{VijayanarasimhanCVPR08Keywords,
  Title			={Keywords to visual categories: Multiple-instance learning forweakly supervised object categorization},
  Author		={Vijayanarasimhan, Sudheendra and Grauman, Kristen},
  Booktitle		=cvpr,
  Pages			={1--8},
  Year			={2008}
}





@InProceedings{QiCVPR08Twodimensional,
  Title			={Two-dimensional active learning for image classification},
  Author		={Qi, Guo-Jun and Hua, Xian-Sheng and Rui, Yong and Tang, Jinhui and Zhang, Hong-Jiang},
  Booktitle		=cvpr,
  Pages			={1--8},
  Year			={2008}
}

@InProceedings{LiuECCV08Siftflow,
	Author			 = {Liu, Ce and Yuen, Jenny and Torralba, Antonio and Sivic, Josef and Freeman, William T.},
	Title			 = {{SIFT Flow: Dense Correspondence Across Different Scenes}},
	Booktitle		 = eccv,
	Year			 = {2008},
	Pages 			= {28--42}
}


@InProceedings{CollinsECCV08Towards,
  Title				={Towards scalable dataset construction: An active learning approach},
  Author			={Collins, Brendan and Deng, Jia and Li, Kai and Fei-Fei, Li},
  Booktitle			=eccv,
  Pages				={86--98},
  Year				={2008}
}

@InProceedings{ChaudhuriNIP08Privacy,
  Title                    = {Privacy-preserving logistic regression},
  Author                   = {Chaudhuri, Kamalika and Claire Monteleoni},
  Booktitle                = nips,
  Year                     = {2008},
  Pages                    = {289--296},
}

@InProceedings{VincentICML08Extracting,
  Title                    = {Extracting and composing robust features with denoising autoencoders},
  Author                   = {Vincent, Pascal and Larochelle, Hugo and Bengio, Yoshua and Manzagol, Pierre-Antoine},
  Booktitle                = icml,
  Year                     = {2008}
}


@InProceedings{DaiICML08Selftaught,
  Title                    = {Self-taught Clustering},
  Author                   = {Dai, Wenyuan and Yang, Qiang and Xue, Gui-Rong and Yu, Yong},
  Booktitle                = icml,
  Year                     = {2008}
}


@InProceedings{WhangECML08sTransferred,
  Title			={Transferred dimensionality reduction},
  Author		={Whang, Zheng and Song, Yangqiu  and Zhang, Changshui},
  Booktitle		=pkdd,
  Pages			={550--565},
  Year			={2008}
}



@InProceedings{JiangICIP08Crossdomain,
  Title                    = {Cross-domain learning methods for high-level visual concept classification},
  Author                   = {Jiang, Wei and Zavesky, Eric and Chang, Shih-Fu  and Loui, Alex},
  Booktitle                = icip,
  Year                     = {2008},
}


@InProceedings{JoshiCVPR09Multiclass,
  Title			={Multi-class active learning for image classification},
  Author		={Joshi, Ajay J and Porikli, Fatih and Papanikolopoulos, Nikolaos},
  Booktitle		=cvpr,
  Pages			={2372--2379},
  Year			={2009}
}

@InProceedings{VijayanarasimhanCVPR09What,
  Title			={What's it going to cost you?: Predicting effort vs. informativeness for multi-label image annotations},
  Author		={Vijayanarasimhan, Sudheendra and Grauman, Kristen},
  Booktitle		=cvpr,
  Pages			={2262--2269},
  Year			={2009}
}


@InProceedings{ZhuCVPR09Unsupervised,
  Title			={Unsupervised face alignment by robust nonrigid mapping},
  Author		={Zhu, Jianke and Van Gool, Luc and Hoi, Steven CH},
  Booktitle		=cvpr,
  Pages			={1265--1272},
  Year			={2009}
}



@InProceedings{DollarCVPR09Pedestrian,
  Title			={Pedestrian detection: a benchmark},
  Author		={Doll{\'a}r, Piotr and Wojek, Christian and  Schiele, Bernt and  Perona, Pietro},
  Booktitle		=cvpr,
  Year			={2009}
}



@InProceedings{LampertCVPR09Learning,
  Title			={Learning to detect unseen object classes by between-class attribute transfer},
  Author		={Lampert, Christoph H and Nickisch, Hannes and Harmeling, Stefan},
  Booktitle		=cvpr,
  Pages			={951--958},
  Year			={2009}
}
@InProceedings{QuattoniCVPR09Recognizing,
  Title			={Recognizing indoor scenes},
  Author		={Quattoni, Ariadna and Torralba, Antonio},
  Booktitle		=cvpr,
  Year			={2009}
}


@InProceedings{DuanCVPR09Domain,
  Title			           = {Domain transfer {SVM} for video concept detection},
  Author                   = {Duan, Lixin and Tsang, Ivor W.  and Xu, Dong and Maybank, Steve J.},
  Booktitle                = cvpr,
  Year                     = {2009},
  }



@InProceedings{DengCVPR09Imagenet,
        Author			 = {Deng, Jia and Dong, Wei and Socher, Richard and Li, Li-Jia and Li, Kai and Fei-Fei, Li},
        Title			 = {ImageNet: A Large-Scale Hierarchical Image Database},
        Booktitle		 = cvpr,
        Year			 = {2009}
		}
		

@InProceedings{FarhadiCVPR09Describing,
    Author			 = {Farhadi, Ali  and  Endres, Ian and Hoiem, Derek  and Forsyth, David},
    Title			 = {Describing objects by their attributes},
    Booktitle		 = cvpr,
    Year			 = {2009}
}

@InProceedings{StarkCVPR09Shapebased,
	Title			 = {A Shape-Based Object Class Model for Knowledge Transfer},
	Booktitle		 = iccv,
	Year			 = {2009},
	Author			 = {Michael Stark and Michael Goesele and Schiele, Bernt}
}



@InProceedings{NguyenICCV09Weakly,
	Author		       = {Nguyen, Minh Hoai  and Torresani, Lorenzo  and de la Torre, Fernando and Rother, Carsten},
	Booktitle		    = iccv,
	Title			        = {Weakly supervised discriminative localization and classification: a joint
					learning process},
	Year			         = {2009},
}


@InProceedings{MalisiewiczNIPS09Beyond,
  Title			={Beyond categories: The visual memex model for reasoning about object relationships},
  Author		={Malisiewicz, Tomasz and Efros, Alyosha},
  Booktitle		=nips,
  Pages			={1222--1230},
  Year			={2009}
}


@InProceedings{FergusNIPS09Semisupervised,
  Title			={Semi-supervised learning in gigantic image collections},
  Author		={Fergus, Rob and Weiss, Yair and Torralba, Antonio},
  Booktitle		=nips,
  Pages			={522--530},
  Year			={2009}
}



@InProceedings{YuICML09Learning,
  Title			={Learning structural SVMs with latent variables},
  Author		={Yu, Chun-Nam John and Joachims, Thorsten},
  Booktitle		=icml,
  Pages			={1169--1176},
  Year			={2009}
}


@InProceedings{DuanICML09Domain,
  Title                    = {Domain adaptation from multiple sources via auxiliary classifiers},
  Author                   = {Duan, Lixin and Tsang, Ivor W.  and Xu, Dong and Chua, Tat-Seng },
  Booktitle                = icml,
  Year                     = {2009},
  Pages 					= {289--296}
  }
  



@InProceedings{BaiCIKM09Supervised,
  Title      	   = {Supervised semantic indexing},
  Author     	   = {Bai, Bing and Weston, Jason and Grangier, David and 
					Collobert, Ronan and Sadamasa, Kunihiko and Qi, Yanjun and 
					Chapelle, Olivier and Weinberger, Kilian Q.},
  Booktitle  	  = cikm,
  Year       	  = {2009},
  Pages      	  ={187--196}
}
  
@InProceedings{SpeciaEAMT09Estimating,
  Title                    = {Estimating the Sentence-Level Quality of Machine Translation Systems},
  Author                   = {Specia, Lucia and Turchi, Marco and Cancedda, Nicola and Dymetman, Marc and N. Cristianini, Nello},
  Booktitle                = eamt,
  Year                     = {2009},
  Pages                    = {28--35}
 }
  
  @InProceedings{ZhaIJCAI09Robust,
  Title                    = {Robust distance metric learning with auxiliary knowledge},
  Author                   = {Zha, Zheng-Jun and Mei, tao and Wang, Meng and Wang, Zengfu and Hua, Xian-Sheng },
  Booktitle                = ijcai,
  Year                     = {2009},
  Pages       				= {1327-1332} 
  }
  
  
@InProceedings{MansourCOLT09Domain,
  Title                    = {Domain Adaptation: Learning Bounds and Algorithms},
  Author                   = {Mansour, Yishay; Mohri, Mehryar; Rostamizadeh, Afshin},
  Booktitle                = colt,
  Year                     = {2009}
  }
  




@InProceedings{AlexeCVPR10What,
  Title			={What is an object?},
  Author		={Alexe, Bogdan and Deselaers, Thomas and Ferrari, Vittorio},
  Booktitle		=cvpr,
  Pages			={73--80},
  Year			={2010}
}


@InProceedings{PerronninCVPR10Largescale,
  Title			={Large-scale image categorization with explicit data embedding},
  Author		={Perronnin, Florent and S{\'a}nchez, Jorge and Liu, Yan},
  Booktitle		=cvpr,
  Year			={2010}
}
 
@InProceedings{RohrbachCVPR10What,
	Title			 = {What Helps Where {\textendash} And Why? Semantic Relatedness for Knowledge Transfer},
	Booktitle		 = cvpr,
	Year			 = {2010},
	Author	  		 = {Rohrbach, Marcus and Michael Stark and Gy{\"o}rgy Szarvas and Iryna Gurevych and Schiele, Bernt}
}

@InProceedings{PerronninECCV10Improving,
  Title			={Improving the fisher kernel for large-scale image classification},
  Author		={Perronnin, Florent and S{\'a}nchez, Jorge and Mensink, Thomas},
  Booktitle		=eccv,
  Pages			={143--156},
  Year			={2010}
}



@InProceedings{DeselaersECCV10Localizing,
  Title			={Localizing objects while learning their appearance},
  Author		={Deselaers, Thomas and Alexe, Bogdan and Ferrari, Vittorio},
  Booktitle		=eccv,
  Pages			={452--466},
  Year			={2010}
}


	
	
@InProceedings{TorresaniECCV10Efficient,
  Title			={Efficient object category recognition using classemes},
  Author		={Torresani, Lorenzo and Szummer, Martin and Fitzgibbon, Andrew},
  Booktitle		=eccv,
  Pages			={776--789},
  Year			={2010}
}


@InProceedings{SaenkoECCV10Adapting,
  Title					={Adapting visual category models to new domains},
  Author				={Saenko, Kate and Kulis, Brian and Fritz, Mario and Darrell, Trevor},
  Booktitle			    =eccv,
  Pages					={213--226},
  Year					={2010}
}

@InProceedings{BlaschkoECCV10Simultaneous,
  Title                 ={Simultaneous object detection and ranking with weak supervision},
  Author                ={Blaschko, Matthew and Vedaldi, Andrea and Zisserman, Andrew},
  Booktitle             =nips,
  Pages                 ={235--243},
  Year                  ={2010}
}

@InProceedings{BourdevECCV10Detecting,
  Title			={Detecting people using mutually consistent poselet activations},
  Author		={Bourdev, Lubomir and Maji, Subhransu and Brox, Thomas and Malik, Jitendra},
  Booktitle		=eccv,
  Pages			={168--181},
  Year			={2010}
}

@InProceedings{LiNIPS10Object,
  Title                  ={Object bank: A high-level image representation for scene classification \& semantic feature sparsification},
  Author                 ={Li, Li-Jia and Su, Hao and Fei-Fei, Li and Xing, Eric P},
  Booktitle              =nips,
  Pages                  ={1378--1386},
  Year                   ={2010}
}


@InProceedings{XuNIPS10Multisource,
  Title                    = {Multi-source Transfer Learning with Multi-view Adaboost},
  Author                   = {Xu, Zhijie and Sun, Shiliang},
  Booktitle                = nips,
  Year                     = {2012},
  Pages					   ={332-339}
}

@InProceedings{JoulinNIPS10Efficient,
   Title			 = {Efficient Optimization for Discriminative Latent Class Models},
   Booktitle		 = nips,
   Author			 = {Joulin, Armand and Bach, Francis and Ponce, Jean},
   Year				 = {2010}
}


	
@InProceedings{KumarNIPS10Selfpaced,
	Title			 = {Self-Paced Learning for Latent Variable Models},
	Author		 	= {Kumar, M. Pawan and Packer, Benjamin and Koller, Daphne},
	Booktitle		 = nips,
	Year			 = 2010,
	Pages			 ={1189--1197}
}

@InProceedings{BergamoNIPS10Exploiting,
  Title			={Exploiting weakly-labeled web images to improve object classification: a domain adaptation approach},
  Author		={Bergamo, Alessandro and Torresani, Lorenzo},
  Booktitle		=nips,
  Pages			={181--189},
  Year			={2010}
}




@InProceedings{NairICML10Rectified,
  Title			={Rectified linear units improve restricted {B}oltzmann machines},
  Author		={Nair, Vinod and Hinton, Geoffrey E},
  Booktitle		=icml,
  Pages			={807--814},
  Year			={2010}
}


@InProceedings{ZhongECML10Cross,
  Title			={Cross Validation Framework to Choose amongst Models and Datasets for Transfer Learning},
  Author		={Zhong, ErHeng  and Fan, Wei  and Yang, Qiang  and Verscheure, Olivier  and Ren,  Jiangtao},
  Booktitle		=ecml,
  Pages			={547--562},
  Year			={2010}
}



@InProceedings{RasiwasiaACMMM10New,
  Title			={A new approach to cross-modal multimedia retrieval},
  Author		={Rasiwasia, Nikhil and   Pereira, Jose Costa  and Coviello, Emanuele and 
				Doyle, Gabriel and Lanckriet, Gert R. G.  and  Levy, Roger and Vasconcelos, Nuno},
  Booktitle		=acmmm,
  Pages			={251-260},
  Year			={2010}
}





@InProceedings{PanWWW10Crossdomain,
  Title                    = {Cross-domain Sentiment Classification via Spectral Feature Alignment},
  Author                   = {Pan, Sinno Jialin and Ni, Xiaochuan and Sun, Jian-Tao and Yang, Qiang and Chen, Zheng},
  Booktitle                = www,
  Year                     = {2010}
  }
  
  


@InProceedings{CarlsonAAAI10Toward,
  Title			={Toward an Architecture for Never-Ending Language Learning.},
  Author		={Carlson, Andrew and Betteridge, Justin and Kisiel, Bryan and Settles, Burr and Hruschka Jr, Estevam R and Mitchell, Tom M},
  Booktitle		=aaai,
  Year			={2010}
}



  @InProceedings{PrettenhoferACL10Crosslanguage,
  Title                    = {Cross-language text classification using structural correspondence learning},
  Author                   = {Prettenhofer, Peter  and  Stein, Benno},
  Booktitle                = acl,
  Year                     = {2010},
  Pages                    = {1118--1127}
  }
  
  


@InProceedings{YangCVPR11Articulated,
  Title				={Articulated pose estimation with flexible mixtures-of-parts},
  Author			={Yang, Yi and Ramanan, Deva},
  Booktitle			=cvpr,
  Pages				={1385--1392},
  Year				={2011}
}

@InProceedings{SunCVPR11Twostage,
	Author 				= {Sun, Qian and Chattopadhyay, Rita and Panchanathan, Sethuraman and Ye, Jieping},
	Booktitle 			= nips,
	Title 				= {A Two-Stage Weighting Framework for Multi-Source Domain Adaptation},
	Year 				= {2011}
}

@InProceedings{SadeghiCVPR11Recognition,
  Title				={Recognition using visual phrases},
  Author			={Sadeghi, Mohammad Amin and Farhadi, Ali},
  Booktitle			=cvpr,
  Pages				={1745--1752},
  Year				={2011}
}


@InProceedings{SharmaCVPR11Bypassing,
  Title				={Bypassing synthesis: {PLS} for face recognition with pose, low-resolution and sketch},
  Author			={Sharma,  Abhishek and Jacobs, David W.},
  Booktitle			=cvpr,
  Pages				={593â€“600},
  Year				={2011}
}


@InProceedings{TorralbaCVPR11Unbiased,
  Title                    = {Unbiased look at dataset bias},
  Author                   = {Torralba, Antonio and Efros, Alexei A.},
  Booktitle                = cvpr,
  Year                     = {2011},
}

@InProceedings{KulisCVPR11What,
  Title                    = {What you saw is not what you get: Domain adaptation using asymmetric kernel transforms},
  Author                   = {Kulis, Brian and Saenko, Kate and Darrell, Trevor},
  Booktitle                = cvpr,
  Year                     = {2011},
}

@InProceedings{VicenteCVPR11Object,
Author       = {Vicente, Sara  and Rother, Carsten  and  Kolmogorov, Vladimir},
Booktitle    = cvpr,
Title        = {Object Co-segmentation},
Year         = {2011},
}



@InProceedings{LeeCVPR11Learning,
	Author 				= {Lee, Yong Jae and Grauman, Kristen},
	Booktitle			= cvpr,
	Title			    = {Learning the easy things first: Self-paced visual category discovery},
	Year 				= {2011}
}


@InProceedings{AytarICCV11Tabula,
  Title					={Tabula rasa: Model transfer for object category detection},
  Author				={Aytar, Yusuf and Zisserman, Andrew},
  Booktitle				=iccv,
  Pages					={2252--2259},
  Year					={2011}
}


@InProceedings{Pandey2ICCV11Scene,
 Author 				= {Pandey, Megha and Lazebnik, Svetlana},
 Title 					= {Scene Recognition and Weakly Supervised Object Localization with Deformable Part-based Models},
 Booktitle 				= iccv,
 Year 					= {2011},
} 

@InProceedings{TsaiICCV11Largescale,
	Author				={Tsai, D. and Yushi Jing and Yi Liu and Rowley, H.A. and Ioffe, S. and Rehg, J.M.},
	Booktitle			=iccv,
	Title				={Large-scale image annotation using visual Synset},
	Year				={2011},
	Pages				={611-618},
}

@InProceedings{WahICCV11Multiclass,
  Title					={Multiclass recognition and part localization with humans in the loop},
  Author				={Wah, Catherine and Branson, Steve and Perona, Pietro and Belongie, Serge},
  Booktitle				=iccv,
  Pages					={2524--2531},
  Year					={2011}
}

@InProceedings{GopalanICCV11Domain,
  Title					={Domain adaptation for object recognition: An unsupervised approach},
  Author				={Gopalan, Raghuraman and Li, Ruonan and Chellappa, Rama},
  Booktitle				=iccv,
  Pages					={999--1006},
  Year					={2011}
}




@InProceedings{ParikhICCV11Relative,
  Title					={Relative attributes},
  Author				={Parikh, Devi and Grauman, Kristen},
  Booktitle				=iccv,
  Pages					={503--510},
  Year					={2011}
}

@InProceedings{ParkhiICCV11Truth,
  Title					={The truth about cats and dogs},
  Author				={Parkhi, Omkar M and Vedaldi, Andrea and Jawahar, C.V. and Zisserman, Andrew},
  Booktitle				=iccv,
  Pages					={1427--1434},
  Year					={2011}
}

@InProceedings{JiaICCV11Learning,
  Title					={Learning cross-modality similarity for multinomial data},
  Author				={Jia,  Yangqing and Salzmann, Mathieu and Darrell, Trevor},
  Booktitle				=iccv,
  Pages					={2407-2414},
  Year					={2011}
}


@InProceedings{YangICCV11Fisher,
  Title                    = {Fisher discrimination dictionary learning for sparse representation},
  Author                   = {Yang, Meng and Zhang , Lei and Feng,  Xiangchu  and  Zhang, David},
  Booktitle                = iccv,
  Year                     = {2011}
}

@InProceedings{LuoICCV11Multiclass,
  Title                    = {Multiclass transfer learning from unconstrained priors},
  Author                   = {Luo, Jie and Tommasi, Tatiana  and Caputo, Barbara},
  Booktitle                = iccv,
  Year                     = {2011}
  }

@InProceedings{FarrellICCV11birdlets,
  Title			={Birdlets: Subordinate categorization using volumetric primitives and pose-normalized appearance},
  Author		={Farrell, Ryan and Oza, Om and Zhang, Ning and Morariu, Vlad I. and Darrell, Trevor and Davis, Larry S.},
  Booktitle		=iccv,
  Pages			={161--168},
  Year			={2011}
}


@InProceedings{GlorotICML11Domain,
  Title                    = {Domain adaptation for large-scale sentiment classification: A deep learning approach},
  Author                   = {Glorot, Xavier and Bordes, Antoine and Bengio, Yoshua},
  Booktitle                = icml,
  Year                     = {2011},
  Pages 				   = {513--520}
}


@InProceedings{ChenNIPS11Cotraining,
  Title                    = {Co-Training for Domain Adaptation},
  Author                   = {Chen, Minmin  and Weinberger, Kilian Q.  and Blitzer, John },
  Booktitle                = nips,
  Year                     = {2011},
  Pages                    = {2456--2464}
  }


@InProceedings{AlstouhiPKDD11Adaptive,
  Title                    = {Adaptive Boosting for Transfer Learning Using Dynamic Updates},
  Author                   = {Al-Stouhi, Samir and Reddy, Chandan K.},
  Booktitle                = pkdd,
  Year                     = {2011},
  Pages					   = {60--75},
}
  
  
@InProceedings{BlitzerAISTATS11Domain,
  Title                    = {Domain Adaptation with Coupled Subspaces},
  Author                   = {Blitzer, John  and Kakade, Sham  and Foster, Dean P. },
  Booktitle                = aistats,
  Year                     = {2011},
  Pages                    = {173--181}
  }



	
	
@InProceedings{DuanCVPR12Exploiting,
  Title				={Exploiting web images for event recognition in consumer videos: A multiple source
					domain adaptation approach},
  Author			={Duan, Lixin and Xu , Dong and Chang, Shih-Fu},
  Booktitle			=cvpr,
  Pages				= {1338--1345},
  Year				={2012}
}

 
 @InProceedings{EndresCVPR12Learning,
  Author		      = {Endres, Ian  and Srikumar, Vivek  and Chang, Ming{-}Wei  and Hoiem, Derek },
  Title   			  = {Learning shared body plans},
  Booktitle			  = cvpr,
  Pages     		  = {3130--3137},
  Year			      = {2012},
}




@InProceedings{GongCVPR12Geodesic,
  Title				={Geodesic flow kernel for unsupervised domain adaptation},
  Author			={Gong, Boqing and Shi, Yuan and Sha, Fei and Grauman, Kristen},
  Booktitle			=cvpr,
  Pages				={2066--2073},
  Year				={2012}
}



@InProceedings{GunheeCVPR12Multiple,
  Author		 =	 {Kim, Gunhee  and Xing, Eric P. },
  Title			 =	 {On Multiple Foreground Co-segmentation},
  Booktitle		 =	 cvpr,
  Year			 =	 {2012}
}




@InProceedings{JoulinCVPR12Multiclass,
   Title 			 = {Multi-Class Cosegmentation},
   Booktitle		 = cvpr,
   Author			 = {Joulin, Armand and Bach, Francis and Ponce, Jean},
   Year				 = {2012}
}


@InProceedings{KemelmacherCVPR12Collection,
  Title				={Collection flow},
  Author			={Kemelmacher-Shlizerman, Ira and Seitz, Steven M.},
  Booktitle			=cvpr,
  Pages				={1792--1799},
  Year				={2012}
}


@InProceedings{KuttelCVPR12Figureground,
	Title			 = {Figure-ground segmentation by transferring window masks},
	Author		 	 = {K{\"u}ttel, Daniel and Ferrari, Vittorio},
	Booktitle		 = cvpr,
	Year			 = {2012}
}

@InProceedings{ParkhiCVPR12Cats,
  Title				={Cats and dogs},
  Author			={Parkhi, Omkar M and Vedaldi, Andrea and Zisserman, Andrew and Jawahar, CV},
  Booktitle			=cvpr,
  Pages				={3498--3505},
  Year				={2012}
}

@InProceedings{JhuoCVPR12Robust,
  Title                    = {Robust visual domain adaptation with low-rank reconstruction},
  Author                   = {Jhuo, I-Hong and Liu, Dong and Lee, D.T. and Chang, Shih.-Fu.},
  Booktitle                = cvpr,
  Year                     = {2012},
  Pages 				   = {2168 -- 2175}
}

	
@InProceedings{ZhengCVPR12Grassmann,
  Title                    = {A {G}rassmann manifold-based domain adaptation approach},
  Author                   = {Zheng, Jingjing and Liu, Ming-Yu  and Chellappa, Rama and Phillips, P. Jonathon},
  Booktitle                = cvpr,
  Year                     = {2012}
}


@InProceedings{AzizpourECCV12Object,
  Title			={Object detection using strongly-supervised deformable part models},
  Author		={Azizpour, Hossein and Laptev, Ivan},
  Booktitle		=eccv,
  Pages			={836--849},
  Year			={2012}
}


@InProceedings{HariharanECCV12Discriminative,
  Title				={Discriminative decorrelation for clustering and classification},
  Author			={Hariharan, Bharath and Malik, Jitendra and Ramanan, Deva},
  Booktitle			=eccv,
  Pages				={459--472},
  Year				={2012}
}




@InProceedings{HoffmanECCV12Discovering,
	Author			={Hoffman, Judy  and Kulis, Brian  and Darrell, Trevor  and Saenko, Kate },
	Title			={Discovering Latent Domains for Multisource Domain Adaptation},
	Booktitle		=eccv,
	Year			={2012},
}



@InProceedings{KhoslaECCV12Undoing,
  Title                    = {Undoing the damage of dataset bias},
  Author                   = {Khosla, Aditya and Zhou, Tinghui and Malisiewicz, Tomasz and 
							Efros,  Alexei A. and Torralba, Antonio},
  Booktitle                = eccv,
  Year                     = {2012},
  Pages					   = {158--171}
}



@InProceedings{ParkashECCV12Attributes,
  Title				={Attributes for classifier feedback},
  Author			={Parkash, Amar and Parikh, Devi},
  Booktitle			=eccv,
  Pages				={354--368},
  Year				={2012}
}



@InProceedings{PepikECCV12Deformable,
  Title			={3d2pm--3D deformable part models},
  Author		={Pepik, Bojan and Gehler, Peter and Stark, Michael and Schiele, Bernt},
  Booktitle		= eccv,
  Pages			={356--370},
  Year			={2012}
}


@InProceedings{QiuECCV12Domain,
  Title			={3d2pm--3D deformable part models},
  Author		={Qiu, Qiang and Patel, Vishal M. and Turaga, Pavan and  Chellappa, Rama},
  Booktitle		= eccv,
  Pages			={631-645},
  Year			={2012}
}

@InProceedings{RussakovskyECCV12Objectcentric,
  Title				={Object-centric spatial pooling for image classification},
  Author			={Russakovsky, Olga and Lin, Yuanqing and Yu, Kai and Fei-Fei, Li},
  Booktitle			=eccv,
  Pages				={1--15},
  Year				={2012}
}




@InProceedings{SinghECCV12Unsupervised,
  Author		 = {Singh, Saurabh  and Gupta, Abhinav  and Efros, Alexei A. },
  Title			 = {Unsupervised Discovery of Mid-level Discriminative Patches},
  Booktitle		 = eccv,
  Year			 = {2012},
}





@InProceedings{AytarBMVC12Enhancing,
  Title			={Enhancing Exemplar SVMs using Part Level Transfer Regularization.},
  Author		={Aytar, Yusuf and Zisserman, Andrew},
  Booktitle		=bmvc,
  Pages			={1--11},
  Year			={2012}
}



	

@InProceedings{HuangNIPS12Learning,
  Title			={Learning to align from scratch},
  Author		={Huang, Gary and Mattar, Marwan and Lee, Honglak and Learned-Miller, Erik G},
  Booktitle		=nips,
  Pages			={764--772},
  Year			={2012}
}

	
@InProceedings{KrizhevskyNIPS12Imagenet,
	Author 			 = {Krizhevsky, Alex and Sutskever, Ilya and Hinton, Geoff},
	Booktitle		 = nips,
	Title			 = {Image{N}et Classification with Deep {C}onvolutional {N}eural {N}etworks},
	Year			 = {2012}
	}




@InProceedings{YangNIPS12Unsupervised,
  Title			={Unsupervised template learning for fine-grained object recognition},
  Author		={Yang, Shulin and Bo, Liefeng and Wang, Jue and Shapiro, Linda G},
  Booktitle		=nips,
  Pages			={3122--3130},
  Year			={2012}
}



@InProceedings{ChenICML12Marginalized,
  Title                    = {Marginalized denoising autoencoders for domain adaptation},
  Author                   = {Chen, Minmin and Xu, Zhixiang and Weinberger, Kilian Q. and Sha, Fei},
  Booktitle                = icml,
  Year                     = {2012},
  Pages					   = {767--774}
  }

  
  @InProceedings{ShiICML12Informationtheoretical,
  Title                    = {Information-theoretical learning of discriminative clusters for unsupervised domain adaptation},
  Author                   = {Shi, Yuan and Sha, Fei},
  Booktitle                = icml,
  Year                     = {2012}
}

@InProceedings{ClinchantCIKM12Concavity,
  Title                    = {Concavity in {IR} Models},
  Author                   = {Clinchant, St\'{e}phane},
  Booktitle                = cikm,
  Year                     = {2012},
  Pages					   ={2539--2542}
}
  
  
  @InProceedings{XuCIKM12SBOW,
  Title                    = {From {sBoW} to {dCoT} Marginalized Encoders for Text Representation},
   Author                   = {Xu, Zhixiang and Chen, Minmin and Weinberger, Kilian Q. and Sha, Fei},
  Booktitle                = cikm,
  Year                     = {2012}
}
  
  
@InProceedings{NikoulinaEACL12Adaptation,
  Title                    = {Adaptation of Statistical Machine Translation Model for Cross-Lingual
							Information Retrieval in a Service Context},
 Author                   = {Nikoulina, Vassilina  and  Kovachev, Bogomil and Lagos,  Nikolaos  and
							Monz, Christof },
  Booktitle                = eacl,
  Year                     = {2012},
  Pages                    = {109--119}
  }


  
 @InProceedings{KlareICB12STowards,
  Title                    = {Towards Automated Caricature Recognition},
   Author                   = {Klare, Brendan F. and  Bucak, Serhat S. and Jain, Anil K. and Akgul, Tayfun},
  Booktitle                = icb,
  Year                     = {2012}
}
  


@InProceedings{BergCVPR13Poof,
  Title				={POOF: Part-based one-vs.-one features for fine-grained categorization, face verification, and attribute estimation},
  Author			={Berg, Thomas and Belhumeur, Peter},
  Booktitle			=cvpr,
  Pages				={955--962},
  Year				={2013}
}




@InProceedings{EndresCVPR13Learning,
  Author		    = {Endres, Ian  and Shih, Kevin J.  and Jiaa, Johnston and Hoiem, Derek},
  Title			    = {Learning Collections of Part Models for Object Recognition},
  Booktitle		 	= cvpr,
  Year			    = {2013},
}


@InProceedings{JunejaCVPR13Blocks,
  Author      		 = {Juneja, Mayank and Vedaldi, Andrea and Jawahar, C.~V. and Zisserman, Andrew},
  Title       		 = {Blocks that Shout: Distinctive Parts for Scene Classification},
  Booktitle   		 = cvpr,
  Year        		 = {2013},
}



@InProceedings{KimCVPR13Deformable,
	Author 			= {Kim, Jaechul and Liu, Ce and Sha, Fei and Grauman, Kristen},
	Title 			= {Deformable Spatial Pyramid Matching for Fast Dense Correspondences},
	Booktitle 		= cvpr,
	Year 			= {2013}
}


@InProceedings{LiCVPR13Harvesting,
	Author 			 = {Li, Quannan and Wu, Jiajun and Tu, Zhuowen},
	Title			 = {Harvesting Mid-level Visual Concepts from Large-Scale Internet Images},
	Booktitle		 = cvpr,
	Year			 = {2013}
}
 
 
@InProceedings{NiCVPR13Subspace,
  Title				={Subspace interpolation via dictionary learning for unsupervised domain adaptation},
  Author			={Ni, Jie and Qiu, Qiang and Chellappa, Rama},
  Booktitle			=cvpr,
  Pages				={692--699},
  Year				={2013}
} 
 
@InProceedings{RubinsteinCVPR13Unsupervised,
	Author			 = {Rubinstein, Michael  and Joulin, Armand  and Kopf, Johannes  and Liu, Ce},
	Title			 = {Unsupervised Joint Object Discovery and Segmentation in Internet Images},
	Booktitle		 = cvpr,
	Year			 = {2013},
}
  
@InProceedings{SivaCVPR13Looking,
  Title				={Looking beyond the image: Unsupervised learning for object saliency and detection},
  Author			={Siva, Parthipan and Russell, Chris and Xiang, Tao and Agapito, Lourdes},
  Booktitle			=cvpr,
  Pages				={3238--3245},
  Year				={2013}
}


@InProceedings{ShekharCVPR13Generalized,
  Title                    = {Generalized domain-adaptive dictionaries},
  Author                   = {Shekhar, Sumit and Patel, Vishal M. and Nguyen, Hien V. and Chellappa, Rama},
  Booktitle                = cvpr,
  Year                     = {2013}
}


@InProceedings{LongCVPR13Transfer,
  Title                    = {Transfer sparse coding for robust image representation},
  Author                   = {Long, Mingsheng and Ding,  Guiguang  and Wang, Jianmin   and Sun, Jiaguang and Guo, Yuchen and  Yu, Philip S.},
  Booktitle                = cvpr,
  Year                     = {2013},
  Pages						={407--414} 
  }
  

  
@InProceedings{BaktashmotlaghICCV13Unsupervised,
  Title				={Unsupervised domain adaptation by domain invariant projection},
  Author			={Baktashmotlagh, Mahsa and Harandi, Mehrtash and Lovell, Brian and Salzmann, Mathieu},
  Booktitle			=iccv,
  Pages				={769--776},
  Year				={2013}
}

@InProceedings{ChaiICCV13Symbiotic,
  Title				={Symbiotic segmentation and part localization for fine-grained categorization},
  Author			={Chai, Yuning and Lempitsky, Victor and Zisserman, Andrew},
  Booktitle			=iccv,
  Pages				={321--328},
  Year				={2013}
}
  
 

@InProceedings{ChenICCV13Neil,
	Author                 ={Chen, Xinlei  and Shrivastava, Abhinav and Gupta, Abhinav},
	Booktitle              =iccv,
	Title                  ={NEIL: Extracting Visual Knowledge from Web Data},
	Year                   ={2013},
}


  
@InProceedings{DollarICCV13Structured,
  Title				={Structured forests for fast edge detection},
  Author			={Doll{\'a}r, Piotr and Zitnick, C},
  Booktitle			=iccv,
  Pages				={1841--1848},
  Year				={2013}
}


  @InProceedings{FernandoICCV13Unsupervised,
  Title				={Unsupervised visual domain adaptation using subspace alignment},
  Author			={Fernando, Basura and Habrard, Amaury and Sebban, Marc and Tuytelaars, Tinne},
  Booktitle			=iccv,
  Pages				={2960--2967},
  Year				={2013}
}


  @InProceedings{JainICCV13Adapting,
  Title				={Adapting Classification Cascades to New Domains},
  Author			={Jain, Vidit and Farfade Sachin Sudhakar},
  Booktitle			=iccv,
  Pages				={105 -- 112},
  Year				={2013}
}



 @InProceedings{MaICCV13Domain,
  Title				={Domain transfer support vector ranking for person re-identification without target camera
			label information},
  Author			={Ma, andy J. and Yuen, Pong C.  and Li, Jiawei},
  Booktitle			=iccv,
  Pages				={3567 - 3574},
  Year				={2013}
}



@InProceedings{TommasiICCV13Frustratingly,
  Title                    = {Frustratingly Easy {NBNN} Domain Adaptation},
  Author                   = {Tommasi, Tatiana and Caputo, Barbara},
  Booktitle                = iccv,
  Year                     = {2013}
}



@InProceedings{WangICCV13Learning,
  Title				={Learning coupled feature spaces for cross-modal matching},
  Author			={Wang, Kaiye and  He, Ran and Wang, Wei and Wang, Liang  and Tan, Tieniu},
  Booktitle			=iccv,
  Pages				={2088 -- 2095},
  Year				={2013}
}





@InProceedings{ZhangICCV13Deformable,
  Title				={Deformable part descriptors for fine-grained recognition and attribute prediction},
  Author			={Zhang, Ning and Farrell, Ronan and Iandola, Forrest and Darrell, Trevor},
  Booktitle			=iccv,
  Pages				={729--736},
  Year				={2013}
}




@InProceedings{LongICCV13Transfer,
  Title                    = {Transfer Feature Learning with Joint Distribution Adaptation},
  Author                   = {Long, Mingsheng and Wang, Jianmin  and Ding,  Guiguang  and Sun, Jiaguang and  Yu, Philip S.},
  Booktitle                = iccv,
  Year                     = {2013},
  Pages						={2200--2207} 
  }
  

@InProceedings{ZhuBMVC13Enhancing,
	Title                  ={Enhancing Action Recognition by Cross-Domain Dictionary Learning},
	Author                 ={Zhu, Fan and Shao, Ling},
	Booktitle              =bmvc,
	Year                   ={2013},
}


@InProceedings{WagerNIPS13Dropout,
  Title                    = {Dropout Training as Adaptive Regularization},
  Author                   = {Wager, Stefan  and Wang, Sida I.  and Liang, Percy},
  Booktitle                = nips,
  Year                     = {2013},
  Pages                    = {351--359},
}


@InProceedings{DoerschNIPS13Midlevel,
  Title 			= {Mid-Level Visual Element Discovery as Discriminative Mode Seeking},
  Author			 = {Doersch, Carl and Gupta, Abhinav and Efros, Alexei A.},
  Booktitle 		= nips,
  Year			 	= {2013},
}


@InProceedings{MikolovNIPS13Distributed,
  Title				={Distributed representations of words and phrases and their compositionality},
  Author			={Mikolov, Tomas and Sutskever, Ilya and Chen, Kai and Corrado, Greg S and Dean, Jeff},
  Booktitle			=nips,
  Pages				={3111--3119},
  Year				={2013}
}

@InProceedings{GongNIPS13Reshaping,
  Title                    = {Reshaping Visual Datasets for Domain Adaptation},
  Author                   = {Gong, Boqing and Grauman, Kristen and Sha, Fei},
  Booktitle                = nips,
  Year                     = {2013}
}




@InProceedings{FromeNIPS13Devise,
	Author 			= {Frome, Andrea  and Corrado, Greg S. and Shlens, Jon and Bengio, Samy
						and Dean, Jeff and Ranzato, Marc'Aurelio and Mikolov, Tomas},
	Booktitle		 = nips,
	Title 			= {DeViSE: A Deep Visual-Semantic Embedding Model},
	Year 			= {2013}
	}

@InProceedings{MaatenICML13Learning,
  Title                    = {Learning with Marginalized Corrupted Features},
  Author                   = {Maaten, Laurens van der and Chen, Minmin and Tyree,  Stephen 
						and Weinberger, Kilian},
  Booktitle                = icml,
  Year                     = {2013},
}


@InProceedings{GongICML13Connecting,
  Title				={Connecting the dots with landmarks: Discriminatively learning domain invariant features 
					for unsupervised domain adaptation},
  Author			={Gong, Boqing and Grauman, Kristen and Sha, Fei},
  Booktitle			=icml,
  Pages				={222--230},
  Year				={2013}
}


@InProceedings{KuzborskijICML13Stability,
  Title				={Stability and Hypothesis Transfer Learning},
  Author			={Kuzborskij, Ilja  and Orabona,  Francesco},
  Booktitle			=icml,
  Pages				={942--950},
  Year				={2013}
}



@InProceedings{HoffmanICLR13Efficient,
  Title				={Efficient learning of domain-invariant image representations},
  Author			={Hoffman, Judy and Rodner, Erik and Donahue, Jeff and Darrell, Trevor and Saenko, Kate},
  Booktitle			=iclr,
  Year				={2013}
}



@InProceedings{ChenIJCAI13Leveraging,
  Title                    = {Leveraging Multi-domain Prior Knowledge in Topic Models},
  Author                   = {Chen, Zhiyuan and Mukherjee, Arjun and Liu, Bing and Hsu, Meichun and Castellanos, Malu and Ghosh, Riddhiman},
  Booktitle                = ijcai,
  Year                     = {2013},
  Pages                    = {2071--2077}
}
	

@InProceedings{ToshevCVPR14Deeppose,
  Title				={Deeppose: Human pose estimation via deep neural networks},
  Author			={Toshev, Alexander and Szegedy, Christian},
  Booktitle			=cvpr,
  Pages				={1653--1660},
  Year				={2014}
}

@InProceedings{GirshickCVPR14Rich,
  Title				={Rich feature hierarchies for accurate object detection and semantic segmentation},
  Author			={Girshick, Ross and Donahue, Jeff and Darrell, Trevor and Malik, Jagannath},
  Booktitle			=cvpr,
  Year				={2014}
}

@InProceedings{LongCVPR14Transfer,
  Title                    = {Transfer joint matching for unsupervised domain adaptation},
  Author                   = {Long, Mingsheng and Wang, Jianmin  and Ding,  Guiguang  and Sun, Jiaguang and  Yu, Philip S.},
  Booktitle                = cvpr,
  Year                     = {2014}
  }


@InProceedings{DivvalaCVPR14Learning,
  Title				={Learning everything about anything: Webly-supervised visual concept learning},
  Author			={Divvala, Santosh and Farhadi, Ali and Guestrin, Carlos},
  Booktitle			=cvpr,
  Pages				={3270--3277},
  Year				={2014}
}



@InProceedings{HejratiCVPR14Analysis,
  Title				={Analysis by synthesis: 3d object recognition by object reconstruction},
  Author			={Hejrati, Mohsen and Ramanan, Deva},
  Booktitle			=cvpr,
  Pages				={2449--2456},
  Year				={2014}
}



@InProceedings{AliCVPR14Confidence,
  Author		    = {Ali, Karim  and Saenko, Kate },
  Title			     = {Confidence-Rated Multiple Instance Boosting for Object Detection},
  Booktitle			 = cvpr,
  Year			      = {2014},
}



@InProceedings{ZhangCVPR14Panda,
  Title				={Panda: Pose aligned networks for deep attribute modeling},
  Author			={Zhang, Ning and Paluri, Manohar and Ranzato, Marc'Aurelio and Darrell, Trevor and Bourdev, Lubomir},
  Booktitle			=cvpr,
  Pages				={1637--1644},
  Year				={2014}
}


@InProceedings{BaktashmotlaghCVPR14Domain,
  Title                    = {Domain Adaptation on the Statistical Manifold},
  Author		                   = {Baktashmotlagh, Mahsa and Harandi, Mehrtash and Lovell, Brian and Salzmann, Mathieu},
  Booktitle                = cvpr,
  Year                     = {2014},
}
  
@InProceedings{CinbisCVPR14Multifold,
	Author		 	= {Cinbis, Ramazan Gokberk and Verbeek, Jakob and Schmid, Cordelia},
	Booktitle		 = cvpr,
	Title			 = {Multi-fold MIL Training for Weakly Supervised Object Localization},
	Year			 = {2014}
	}

	
@InProceedings{TangCVPR14Colocalization,
	Author		 	= {Tang, Kevin and Joulin, Armand and Li, Li-Jia and Fei-Fei, Li},
	Booktitle		= cvpr,
	Title 			= {Co-localization in real-world images},
	Year			 = {2014}}
	
	

@InProceedings{ChenCVPR14Detect,
 Author		       = {Chen, Xianjie  and Mottaghi, Roozbeh  and Liu, Xiaobai and Fidler, Sanja  
					and Urtasun, Raquel  and Yuille, Alan},
 Title     		    = {Detect What You Can: Detecting and Representing Objects using Holistic Models and Body Parts},
 Booktitle		    = cvpr,
 Year			         = {2014},
 Pages				={1971--1978},
}


@InProceedings{NoviCVPR14Learning,
  Title                    = {Learning to Learn, from Transfer Learning to Domain Adaptation: A Unifying Perspective},
  Author                   = {Novi, Patricia and Caputo, Barbara},
  Booktitle                = cvpr,
  Year                     = {2014}
  }

  

@InProceedings{BuloCVPR14Neural,
  Title				={Neural decision forests for semantic image labelling},
  Author			={Bulo, Samuel and Kontschieder, Peter},
  Booktitle			=cvpr,
  Pages				={81--88},
  Year				={2014}
}


@InProceedings{DengECCV14Largescale,
	Author			 = {Deng, Jia and Ding, Nan and Jia, Yangqing and Frome, Andrea and Murphy, Kevin 
				and Bengio, Samy and Li, Yuan and Neven, Hartmut and Adam,  Hartwig},
	Booktitle		 = eccv,
	Title			 = {Large-Scale Object Classification using Label Relation Graphs},
	Year			 = {2014}
	}
	



@InProceedings{BossardECCV14Foodmining,
  Title				={Food-101--mining discriminative components with random forests},
  Author			={Bossard, Lukas and Guillaumin, Matthieu and Van Gool, Luc},
  Booktitle			=eccv,
  Year				={2014}
}


@InProceedings{WangECCV14Weakly,
	Author			 = {Wang, Chong and Ren,  Weiqiang and Huang, Kaiqi  and Tan, Tieniu},
	Booktitle		 = eccv,
	Title			 = {Weakly supervised object localization with latent category learning},
	Year			 = {2014}
	}



@InProceedings{LinECCV14Microsoft,
	Author			={Lin, Tsung-Yi and Maire, Michael and Belongie, Serge and Hays, James and 
					Perona, Pietro and Ramanan, Deva and Doll\'{a}r, Piotr and Zitnick, C.Lawrence},
	Booktitle		=eccv,
	Title			={Microsoft {COCO}: Common Objects in Context},
	Pages			={740--755},
	Year			={2014}
}

  
@InProceedings{ZhangECCV14Partbased,
  Title			={Part-based {R-CNNs} for fine-grained category detection},
  Author		={Zhang, Ning and Donahue, Jeff and Girshick, Ross and Darrell, Trevor},
  Booktitle		=eccv,
  Pages			={834--849},
  Year			={2014}
}


@InProceedings{DoerschECCV14Context,
  Title					={Context as supervisory signal: Discovering objects with predictable context},
  Author				={Doersch, Carl and Gupta, Abhinav and Efros, Alexei A},
  Booktitle				=eccv,
  Pages					={362--377},
  Year					={2014}
}

	
@InProceedings{JoulinECCV14Efficient,
	Author            = {Joulin, Armand and Tang, Kevin  and Fei-Fei, Li},
	Booktitle         = eccv,
	Title             = {Efficient Image and Video Co-localization with Frank-Wolfe Algorithm},
	Year              = {2014}
	}
	
@InProceedings{BilenBMVC14weakly,
  Title                 ={Weakly supervised object detection with posterior regularization},
  Author                ={Bilen, Hakan and Pedersoli, Marco and Tuytelaars, Tinne},
  Booktitle             =bmvc,
  Year                  ={2014}
}

@InProceedings{SunBMVC14Virtual,
  Title                    = {From virtual to reality: Fast adaptation of virtual object detectors to real domains},
  Author                   = {Sun,  Baochen  and Saenko, Kate},
  Booktitle                = bmvc,
  Year                     = {2014}
  }




@InProceedings{FarajidavarBMVC14Adaptive,
  Title                    = {Adaptive Transductive Transfer Machines},
  Author                   = {Farajidavar, Nazli and deCampos, Teofilo and Kittler, Josef},
  Booktitle                = bmvc,
  Year                     = {2014}
  }
  
  
    
  @InProceedings{CrowleyBMVC14State,
  Title                    = {The State of the Art: Object Retrieval in Paintings using Discriminative Regions},
  Author                   = {Crowley, Elliot J.  and Zisserman, Andrew },
  Booktitle                = bmvc,
  Year                     = {2014}
  }
  
  

@InProceedings{FarajidavarACCV14Transductive,
  Title                    = {Transductive Transfer Machines},
  Author                   = {Farajidavar, Nazli and deCampos, Teofilo and Kittler, Josef},
  Booktitle                = accv,
  Year                     = {2014},
  Pages						={623--639}
  }
  
	
@InProceedings{SimonyanNIPS14Twostream,
	Author 			= {Simonyan, Karen and Zisserman, Andrew},
	Booktitle		 = nips,
	Title			 = {Two-Stream Convolutional Networks for Action Recognition in Videos},
	Year			 = {2014},
	Pages			 ={568--576}
	}



@InProceedings{WangNIPS14Flexible,
  Title				={Flexible transfer learning under support and model shift},
  Author			={Wang, Xuezhi and Schneider, Jeff},
  Booktitle			=nips,
  Pages				={1898--1906},
  Year				={2014}
}

@InProceedings{TompsonNIPS14Joint,
  Title				={Joint training of a convolutional network and a graphical model for human pose estimation},
  Author			={Tompson, Jonathan J and Jain, Arjun and LeCun, Yann and Bregler, Christoph},
  Booktitle			=nips,
  Pages				={1799--1807},
  Year				={2014}
}


@InProceedings{LongNIPS14Convnets,
	Title			 = {Do Convnets Learn Correspondence?},
	Author			 = {Long, Jonathan L. and Zhang, Ning and Darrell, Trevor},
	Booktitle		 = nips,
	Pages 			= {1601--1609},
	Year			 = {2014},
}

	

@InProceedings{KarpathyNIPS14Deep,
	Title			 = {Deep Fragment Embeddings for Bidirectional Image-Sentence Mapping},
	Author			 = {Karpathy, Andrej and Joulin Armand and Fei-Fei, Li},
	Booktitle		 = nips,
	Year			 = {2014}}



@InProceedings{HoffmanNIPS14Lsda,
	Title			 = {{LSDA}: Large Scale Detection through Adaptation},
	Author			 = {Hoffman, Judy and Guadarrama, Sergio and Tzeng, Eric S and Hu, Ronghang and Donahue, Jeff and Girshick, Ross and Darrell, Trevor and Saenko, Kate},
	Booktitle		 = nips,
	Year			 = {2014},
}

@InProceedings{SongICML14Learning,
  Author		    = {Song, Hyun Oh  and Girshick, Ross  and Jegelka, Stefanie  and 
					Mairal, Julien  and Harchaoui, Zaid  and Darrell, Trevor},
  Title			     = {On learning to localize objects with minimal supervision},
  Booktitle			 = icml,
  Year			      = {2014}
  }
  
@InProceedings{ChenICML14Topic,
  Title                    = {Topic Modeling using Topics from Many Domains, Lifelong Learning and Big Data},
  Author                   = {Chen, Zhiyuan  and Liu, Bing},
  Booktitle                = icml,
  Year                     = {2014},
  Pages                    = {703--711}
}

  

@InProceedings{WangICML14Active,
  Title			={Active transfer learning under model shift},
  Author		={Wang, Xuezhi and Huang, Tzu-Kuo and Schneider, Jeff},
  Booktitle		=icml,
  Pages			={1305--1313},
  Year			={2014}
}


@InProceedings{ChenAAAI14Topic,
  Title                    = {Dropout Training for Support Vector Machines},
  Author                   = {Chen, Ning and Zhu, Jun and Chen, Jianfei  and  Zhang, Bo},
  Booktitle                = aaai,
  Year                     = {2014},
  Pages                    = {1752--1759}
}


@InProceedings{ZhouAAAI14Hybrid,
	Author			={Zhou, Joey Tianyi  and Pan, Sinno Jialin and  Tsang, Ivor W.  and Yan, Yan},
	Booktitle		=aaai, 
	Title			={Hybrid Heterogeneous Transfer Learning through Deep Learning},
	Year			={2014},
}

@InProceedings{ZhouAISTATS14Heterogeneous,
	Author			={Zhou, Joey Tianyi  and  Tsang, Ivor W. and Pan, Sinno Jialin   and Tan, Mingkui},
	Booktitle		=aistats, 
	Title			={Heterogeneous Domain Adaptation for Multiple Classes},
	Year			={2014},
}




@InProceedings{GoehringICRA14Interactive,
  Title			 = {Interactive Adaptation of Real-Time Object Detectors},
  Booktitle		 = icra,
  Author		 = {Goehring, Daniel  and Hoffman, Judy  and Rodner, Erik  and Saenko,  Kate  and Darrell, Trevor },
  Year			 = {2014}
}



@InProceedings{YangACL14Fast,  
	Author			={Yang, Yi and Eisenstein , Jacob},
    Title			 = {Fast Easy Unsupervised Domain Adaptation with Marginalized Structured Dropout},
    Booktitle		 = acl,
	Year			 ={2014},
}

 
 @InProceedings{ZhouSIGKDD14Unifying,
  Title                    = {Unifying Learning to Rank and Domain Adaptation: Enabling Cross-task Document Scoring},
  Author                   = {Zhou, Mianwei  and Chang, Kevin C.},
  Booktitle                = sigkdd,
  Year                     = {2014},
  Pages						={781--790}
	}


@InProceedings{PitelisPKDD14Semisupervised,
	Author			={Pitelis, Nikolaos and Russell, Chris and Agapito, Lourdes},
	Booktitle		=pkdd, 
	Title			={Semi-supervised Learning Using an Unsupervised Atlas},
	Year			={2014},
}




@InProceedings{ChenSICDM14Marginalized,
	Author			={Chen, Zheng  and  Zhang, Weixiong },
	Booktitle		=sicdm, 
	Title			={A Marginalized Denoising Method for Link Prediction in Relational Data},
	Year			={2014},
}




@InProceedings{CaputoCLEFWN14Imageclef,
  Title			    = {{ImageCLEF 2014}: Overview and analysis of the results},
  Author		    = {Caputo, Barbara and M\"uller, Henning  and 
					Martinez-Gomez, Jesus and Villegas, Mauricio and Acar, Burak and 
						Novi, Patricia  and Marvasti, Neda and  {\"U}sk{\"u}darl{\i}, Suzan 
						R. Paredes, Roberto and Cazorla, Miguel and Garcia-Varea, Ismael  and Morell, Vicente},
  Booktitle		 	 = clefwn,
  Year    		  	= {2014}
  }

 
 @InProceedings{CaputoCLEFWN14Overview,
  Title                    = {Overview of the {ImageCLEF 2014} Domain Adaptation Task},
  Author                   = {Caputo, Barbara and Novi, Patricia},
  Booktitle                = clefwn,
  Year                     = {2014}
}

  
@InProceedings{ChidlovskiiCLEFWN14Assembling,
  Title                    = {Assembling Heterogeneous Domain Adaptation Methods for Image Classification},
  Author                   = {Chidlovskii, Boris and Csurka, Gabriela and Gangwar, Shalini},
  Booktitle                = clefwn,
  Year                     = {2014},
}
  
  
  
@InProceedings{HariharanCVPR15Hypercolumns,
  Title				={Hypercolumns for object segmentation and fine-grained localization},
  Author			={Hariharan, Bharath and Arbel{\'a}ez, Pablo and Girshick, Ross and Malik, Jitendra},
  Booktitle			=cvpr,
  Pages				={447--456},
  Year				={2015}
}


@InProceedings{JohnsonCVPR15Image,
  Title				={Image retrieval using scene graphs},
  Author			={Johnson, Justin and Krishna, Ranjay and Stark, Michael and Li, Li-Jia and Shamma, David A and Bernstein, Michael S and Fei-Fei, Li},
  Booktitle			=cvpr,
  Pages				={3668--3678},
  Year				={2015}
}

@InProceedings{KarpathyCVPR15Deep,
  Title				={Deep visual-semantic alignments for generating image descriptions},
  Author			={Karpathy, Andrej and Fei-Fei, Li},
  Booktitle			=cvpr,
  Pages				={3128--3137},
  Year				={2015}
}



@InProceedings{TulsianiCVPR15Viewpoints,
  Title			={Viewpoints and keypoints},
  Author		={Tulsiani, Shubham and Malik, Jitendra},
  Booktitle		=cvpr,
  Pages			={1510--1519},
  Year			={2015}
}


@InProceedings{SadeghiCVPR15Viske,
  Title				={Viske: Visual knowledge extraction and question answering by visual verification of relation phrases},
  Author			={Sadeghi, Fereshteh and Divvala, Santosh K and Farhadi, Ali},
  Booktitle			=cvpr,
  Pages				={1456--1464},
  Year				={2015}
}


@InProceedings{LiCVPR15Midlevel,
  Title			={Mid-level deep pattern mining},
  Author		={Li, Yao and Liu, Lingqiao and Shen, Chunhua and van den Hengel, Anton},
  Booktitle		=cvpr,
  Pages			={971--980},
  Year			={2015}
}



@InProceedings{HassnerCVPR15Effective,
  Title			={Effective face frontalization in unconstrained images},
  Author		={Hassner, Tal and Harel, Shai and Paz, Eran and Enbar, Roee},
  Booktitle		=cvpr,
  Pages			={4295--4304},
  Year			={2015}
}

@InProceedings{CarreiraCVPR15Virtual,
  Title				={Virtual view networks for object reconstruction},
  Author			={Carreira, Joao and Kar, Abhishek and Tulsiani, Shubham and Malik, Jitendra},
  Booktitle			=cvpr,
  Pages				={2937--2946},
  Year				={2015}
}


@InProceedings{HoffmanCVPR15Detector,
	Author			={Hoffman, Judy  and Pathak, Deepak  and Darrell, Trevor  and Saenko, Kate},
	Title			={Detector Discovery in the Wild: Joint Multiple Instance and Representation Learning},
	Booktitle		=cvpr,
	Year			={2015},
}


@InProceedings{AljundiCVPR15Landmarks,
  Title                    = {Landmarks-based Kernelized Subspace Alignment for Unsupervised Domain Adaptation},
  Author                   = {Aljundi, Rahaf and Emonet, R'{e}mi and Muselet, Damien  and Sebban, Marc},
  Booktitle                = cvpr,
  Year                     = {2015},
  Pages					   = {56--63}
  }
  
  

@InProceedings{RussakovskyCVPR15Best,
  Title			={Best of both worlds: human-machine collaboration for object annotation},
  Author		={Russakovsky, Olga and Li, Li-Jia and Fei-Fei, Li},
  Booktitle		=cvpr,
  Pages			={2121--2131},
  Year			={2015}
}


@InProceedings{PerronninCVPR15Fisher,
  Title                    = {Fisher Vectors Meet Neural Networks: A Hybrid Classification Architecture},
  Author                   = {Perronnin, Florent  and Larlus, Diane },
  Booktitle                = cvpr,
  Year                     = {2015},
}

@InProceedings{Zhou2CVPR15Flowweb,
 Author			 = {Zhou, Tinghui and Jae Lee, Yong and Yu, Stella X. and Efros, Alyosha A.},
 Title			 = {FlowWeb: Joint Image Set Alignment by Weaving Consistent, Pixel-Wise Correspondences},
 Booktitle		 = cvpr,
 Year			 = {2015}
}

@InProceedings{CimpoiCVPR15Deep,
  Title			={Deep filter banks for texture recognition and segmentation},
  Author		={Cimpoi, Mircea and Maji, Subhransu and Vedaldi, Andrea},
  Booktitle		=cvpr,
  Year			={2015}
}


@InProceedings{GirshickCVPR15Deformable,
  Title			={Deformable part models are convolutional neural networks},
  Author		={Girshick, Ross and Iandola, Forrest and Darrell, Trevor and Malik, Jitendra},
  Booktitle		=cvpr,
  Pages			={437--446},
  Year			={2015}
}

@InProceedings{OquabCVPR15Object,
  Title			={Is object localization for free?-weakly-supervised learning with convolutional neural networks},
  Author		={Oquab, Maxime and Bottou, L{\'e}on and Laptev, Ivan and Sivic, Josef},
  Booktitle		=cvpr,
  Pages			={685--694},
  Year			={2015}
}



@InProceedings{ChoCVPR15Unsupervised,
	Author		 = {Cho, Minsu and Kwak, Suha and Schmid, Cordelia and Ponce, Jean},
	Booktitle		 = cvpr,
	Title			 = {Unsupervised Object Discovery and Localization in the Wild: Part-based Matching with Bottom-up Region Proposals},
	Year			 = {2015}
	}


@InProceedings{GkioxariICCV15Actions,
  Title				={Actions and attributes from wholes and parts},
  Author			={Gkioxari, Georgia and Girshick, Ross and Malik, Jitendra},
  Booktitle			=iccv,
  Pages				={2470--2478},
  Year				={2015}
}




@InProceedings{SimonICCV15Neural,
  Title				={Neural activation constellations: Unsupervised part model discovery with convolutional networks},
  Author			={Simon, Marcel and Rodner, Erik},
  Booktitle			=iccv,
  Pages				={1143--1151},
  Year				={2015}
}



@InProceedings{TulsianiICCV15Pose,
  Author		    = {Tulsiani, Shubham  and Carreira, Jo{\~{a}}o  and Malik, Jitendra },
  Title			    = {Pose Induction for Novel Object Categories},
  Year				={2015},
  Booktitle			=iccv
}



@InProceedings{PapandreouICCV15Weakly,
  Author			 = {Papandreou, George  and Chen, Liang{-}Chieh and Murphy, Kevin P. and Yuille, Alan L.},
  Title			     = {Weakly-and Semi-Supervised Learning of a Deep Convolutional Network for Semantic Image Segmentation},
  Booktitle		 	 = iccv,
  Pages    			 = {1742--1750},
  Year			     = {2015},
}

@InProceedings{PathakICCV15Constrained,
  Title				={Constrained convolutional neural networks for weakly supervised segmentation},
  Author			={Pathak, Deepak and Krahenbuhl, Philipp and Darrell, Trevor},
  Booktitle			=iccv,
  Pages				={1796--1804},
  Year				={2015}
}



@InProceedings{AntolICCV15Vqa,
  Title				={VQA: Visual question answering},
  Author			={Antol, Stanislaw and Agrawal, Aishwarya and Lu, Jiasen and Mitchell, Margaret and Batra, Dhruv and Lawrence Zitnick, C and Parikh, Devi},
  Booktitle			=iccv,
  Pages				={2425--2433},
  Year				={2015}
}



@InProceedings{GavvesICCV15Finegrained,
  Title				={Fine-grained categorization by alignments},
  Author			={Gavves, Efstratios and Fernando, Basura and Snoek, Cees G.M. and Smeulders, Arnold W.M. and Tuytelaars, Tinne},
  Booktitle			=iccv,
  Pages				={1713--1720},
  Year				={2015}
}


@InProceedings{HeICCV15Delving,
  Title				={Delving deep into rectifiers: Surpassing human-level performance on imagenet classification},
  Author			={He, Kaiming and Zhang, Xiangyu and Ren, Shaoqing and Sun, Jian},
  Booktitle			=iccv,
  Pages				={1026--1034},
  Year				={2015}
}

@InProceedings{NohICCV15Learning,
  Title				={Learning deconvolution network for semantic segmentation},
  Author			={Noh, Hyeonwoo and Hong, Seunghoon and Han, Bohyung},
  Booktitle			=iccv,
  Pages				={1520--1528},
  Year				={2015}
}

@InProceedings{LongICCV15Fully,
  Title				={Fully convolutional networks for semantic segmentation},
  Author			={Long, Jonathan and Shelhamer, Evan and Darrell, Trevor},
  Booktitle			=iccv,
  Pages				={3431--3440},
  Year				={2015}
}

@InProceedings{GirshickICCV15Fast,
  Title				={Fast {R-CNN}},
  Author			={Girshick, Ross},
  Booktitle			=iccv,
  Pages				={1440--1448},
  Year				={2015}
}



@InProceedings{DoerschICCV15Unsupervised,
  Title				={Unsupervised visual representation learning by context prediction},
  Author			={Doersch, Carl and Gupta, Abhinav and Efros, Alexei A.},
  Booktitle			=iccv,
  Pages				={1422--1430},
  Year				={2015}
}


@InProceedings{TzengICCV15Simultaneous,
  Title				={Simultaneous deep transfer across domains and tasks},
  Author			={Tzeng, Eric and Hoffman, Judy and Darrell, Trevor and Saenko, Kate},
  Booktitle			=iccv,
  Pages				={4068--4076},
  Year				={2015}
}


@InProceedings{IzadiniaICCV15Segmentphrase,
  Title				={Segment-Phrase Table for Semantic Segmentation, Visual Entailment and Paraphrasing},
  Author			={Izadinia, Hamid and Sadeghi, Fereshteh and Divvala, Santosh K and Hajishirzi, Hannaneh and Choi, Yejin and Farhadi, Ali},
  Booktitle			=iccv,
  Pages				={10--18},
  Year				={2015}
}



@InProceedings{ChenICCV15Webly,
	Author   			 = {Xinlei Chen and Abhinav Gupta},
	Title			     = {Webly Supervised Learning of Convolutional Networks},
	Booktitle			 = iccv,
	Year			      = {2015},
}


@InProceedings{WangICCV15Joint,
  Author   			 = {Wang, Peng  and Shen, Xiaohui  and Lin, Zhe L.  and
               Cohen, Scott  and Price, Brian L.  and Yuille, Alan L. },
  Title			     = {Joint Object and Part Segmentation using Deep Learned Potentials},
  Booktitle			 = iccv,
  Year     			 = {2015},
}

@InProceedings{GaidonBMVC15Online,
  Author   			 = {Gaidon, Adrien and Vig, Eleonora},
  Title			     = {Online Domain Adaptation for Multi-Object Tracking},
  Booktitle			 = bmvc, 
  Year     			 = {2015},
}
  

@InProceedings{GaninICML15Unsupervised,
  Title				={Unsupervised domain adaptation by backpropagation},
  Author			={Ganin, Yaroslav and Lempitsky, Victor},
  Booktitle			 = icml,
  Pages  			= {1180--1189},
  Year				={2015}
}


@InProceedings{LongICML15Learning,
  Title			           = {Learning Transferable Features with Deep Adaptation Networks},
  Author                   = {Long, Mingsheng and Cao, Yue and Wang, Jianmin and Jordan, Michael I.},
  Booktitle                = icml,
  Year			           = {2015},
}




@InProceedings{RenNIPS15Faster,
  Title				={Faster R-CNN: Towards real-time object detection with region proposal networks},
  Author			={Ren, Shaoqing and He, Kaiming and Girshick, Ross and Sun, Jian},
  Booktitle			=nips,
  Pages				={91--99},
   Year				={2015}
}

@InProceedings{JaderbergNIPS15Spatial,
  Title				={Spatial transformer networks},
  Author			={Jaderberg, Max and Simonyan, Karen and Zisserman, Andrew and others},
  Booktitle			=nips,
  Pages				={2008--2016},
  Year				={2015}
}


 
@InProceedings{ChenAAAI15Marginalized,
  Title				={Marginalized denoising for link prediction and multi-label learning},
  Author			={Chen, Zheng  and Chen, Minmin  and Weinberger, Kilian Q.  and Zhang, Weixiong},
  Booktitle			=aaai,
  Year				={2015}
}


@InProceedings{LiCIKM15Deep,
  Title                    = {Deep Collaborative Filtering via Marginalized Denoising Auto-encode},
   Author                   = {Li, Sheng  and Kawale, Jaya and Fu, Yun},
  Booktitle                = cikm,
    Pages					={811--820},
  Year                     = {2015}
}

@InProceedings{BollegalaACL15Unsupervised,
  Title                    = {Unsupervised Cross-Domain Word Representation Learning},
  Author                   = {Bollegala, Danushka  and Maehara, Takanori and Kawarabayashi, Ken{-}ichi},
  Booktitle                = acl,
  Year                     = {2015},
  Pages                    = {730--740},
  }

 
 @InProceedings{YangNAACL15Unsupervised,  
	Author			={Yang, Yi and Eisenstein , Jacob},
    Title			 = {Unsupervised Multi-Domain Adaptation with Feature Embeddings},
    Booktitle		 = naacl,
	Year			 ={2014},
	Pages            = {672--682},
}


  
@InProceedings{HarleyetalICDAR15Evaluation,
  Title                    = {Evaluation of Deep Convolutional Nets for Document Image Classification and Retrieval},
  Author                   = {Harley, Adam W. and Ufkes, Alex and Derpanis, Konstantinos G.},
  Booktitle                = icdar,
  Year                     = {2015},
  Pages                    = {991--995}
}


@InProceedings{ChidlovskiiCLEF15Evaluating,
  Title                    = {Evaluating Stacked Marginalised Denoising Autoencoders within Domain Adaptation Methods},
  Author                   = {Chidlovskii, Boris and Csurka, Gabriela and Clinchant, St'{e}phane},
  Booktitle                = clef,
  Year                     = {2015}
}




@InProceedings{RosCVPR16Unsupervised,
	Author		 = {Ros, German and Sellart, Laura and Materzy\'{n}ska,  Joanna  and
				Vazquez, David and L\'{o}pez, Antonio},
	Title			 = {The SynthCity Dataset: A Large Collection of Synthetic Images for Semantic Segmentation of Urban Scenes},
	Booktitle		 = cvpr,
	Year			 = {2016}
}


@InProceedings{CastrejonCVPR16Learning,
	Author		 = {Castrej\'{o}n, Llu\'{i}s  and Aytar, Yusuf and Vondrick, Carl and Pirsiavash, Hamed and Torralba, Antonio},
	Title			 = {Learning Aligned Cross-Modal Representations from Weakly Aligned Data},
	Booktitle		 = cvpr,
	Year			 = {2016}
}


@InProceedings{GongICML16Domain,
  Title                    = {Domain Adaptation with Conditional Transferable Components},
  Author                   = {Gong, Mingming  and Zhang, Kun and Liu, Tongliang and Tao, Dacheng and Glymour, Clark and Sch\"{o}lkopf, Bernhard},
  Booktitle                = icml,
  Year                     = {2016},
}


@InProceedings{ChidlovskiiKDD16Domain,
  Title                    = {Domain adaptation in the absence of source domain data},
  Author                   = {Chidlovskii, Boris and Clinchant, St\'{e}phane and Csurka, Gabriela},
  Booktitle                = pkdd,
  Year                     = {2016}
}

@InProceedings{ClinchantACL16Transductive,
  Title                    = {Transductive Adaptation of Black Box Predictions},
  Author                   = {Clinchant, St\'{e}phane and Csurka, Gabriela and Chidlovskii, Boris},
  Booktitle                = acl,
  Year                     = {2016}
}


@InProceedings{ClinchantACL16Domain,
  Title                    = {A Domain Adaptation Regularization for Denoising Autoencoders},
  Author                   = {Clinchant, St\'{e}phane and Csurka, Gabriela and Chidlovskii, Boris},
  Booktitle                = acl,
  Year                     = {2016}
}





@InProceedings{SunAAAI16Return,
  Title			={Return of Frustratingly Easy Domain Adaptation},
  Author		={Sun, Baochen and Feng, Jiashi and Saenko, Kate},
  Booktitle		= aaai,
  Year			={2016}
}


@misc{tab3,
	Title = {----------------------------- Workshop, symposium -----------------------------------}
}


@InProceedings{CsurkaSLCV04Visual,
  Title			={Visual categorization with bags of keypoints},
  Author		={Csurka, Gabriella and Dance, Christopher and Fan, Lixin and Willamowski, Jutta and Bray, C{\'e}dric},
  Booktitle		={ECCV Workshop on statistical learning in computer vision (SLCV)},
  Year			={2004}
  }

  
 @InProceedings{KoehnSTATMT07Experiments,
  Title                    = {Experiments in Domain Adaptation for Statistical Machine Translation},
  Author                   = {Koehn, Philipp and Schroeder, Josh},
  Booktitle                = {ACL Workshop on Statistical Machine Translation (STAT-MT)},
  Year                     = {2007},
  Pages                    = {224--227}
  }

  

@InProceedings{HolubOLC08Entropybased,
  Title			={Entropy-based active learning for object recognition},
  Author		={Holub, Alex and Perona, Pietro and Burl, Michael C.},
  Booktitle		={CVPR Workshops on Online Learning for Classification (OLC)},
  Year			={2008}
}


@InProceedings{RaiALNLP10Domain,
  Title			={Domain adaptation meets active learning},
  Author		={Rai, Piyush and Saha, Avishek and Daum{\'e} III, Hal and Venkatasubramanian, Suresh},
  Booktitle		={NAACL HLT 2010 Workshop on Active Learning for Natural Language Processing (ALNLP)},
  Pages			={27--32},
  Year			={2010}
}


@InProceedings{ParkhiWIAMIS12Onthefly,
  Author       = {Parkhi, Omkar M. and Vedaldi, Andrea and Zisserman, Andrew},
  Title        = {On-the-fly Specific Person Retrieval},
  Booktitle    = {International IEEE Workshop on Image Analysis for Multimedia Interactive Services (WIAMIS)},
  Year         = {2012},
}


@InProceedings{GongLSVRR12Overcoming,
	Author 			 = {Gong, Boqing and Sha, Fei   and Grauman, Kristen},
	Title			 = {Overcoming dataset bias: An unsupervised domain adaptation approach},
	Booktitle		 ={NIPS Workshop on Large Scale Visual Recognition and Retrieval (LSVRR)},
	Year			 = {2012}
	}
	


@InProceedings{ChopraWREPL13Dlid,
  Title			={{DLID}: Deep learning for domain adaptation by interpolating between domains},
  Author		={Chopra, Sumit and Balakrishnan, Suhrid and Gopalan, Raghuraman},
  Booktitle		={ICML Workshop on Challenges in Representation Learning (WREPL)},
  Year			={2013}
}


@InProceedings{ZhengVDADB13Sparse,
  Title			={Sparse embedding-based domain adaptation for object recognition},
  Author		={Zheng, Jingjing  and Chellappa, Rama and Phillips, P. Jonathon},
  Booktitle		={ICCV Workshop on on Visual Domain Adaptation and Dataset Bias (VDADB)},
  Year			={2013}
}


@InProceedings{CrowleyCVAA14Search,
  Title                    = {In Search of Art},
  Author                   = {Crowley, Elliot J.  and Zisserman, Andrew },
  Booktitle                =  {Computer Vision for Art analysis, ECCV workshop},
  Year                     = {2014}
  }
  
  

@InProceedings{CsurkaTASKCV14Domain,
  Title                    = {Domain Adaptation with a Domain Specific Class Means Classifier},
  Author                   = {Csurka, Gabriela and Chidlovskii, Boris and Perronnin, Florent},
  Booktitle                = {TASK-CV, ECCV workshop},
  Year                     = {2014},
}
  

  @InProceedings{TommasiTASKCV14Testbed,
  Title                    = {A Testbed for Cross-Dataset Analysis},
  Author                   = {Tommasi, Tatiana  and Tuytelaars, Tinne},
  Booktitle                = {TASK-CV, ECCV workshop},
  Year                     = {2014},
}


  
  @InProceedings{ShawITA14Domain,
  Title                    = {Domain adaptation methods for robust pattern recognition},
  Author                   = {Shaw, David A.  and Chellappa, Rama},
  Booktitle                = {Information Theory and Applications Workshop (ITA)},
  Year                     = {2014},
  Pages                    = {1-7}
 }

  

@InProceedings{CsurkaTASKCV15Adapted,
  Title                    = {Adapted Domain Specific Class Means},
  Author                   = {Csurka, Gabriela and Chidlovskii, Boris and Clinchant, St\'{e}phane},
  Booktitle                = {TASK-CV, ICCV workshop},
  Year                     = {2015},
}
  
  
  
  
@misc{tab4,
	Title = {----------------------------- Techrep -----------------------------------}
}
  
@techreport{SharmaTR15Expanded,
  Title			 = {Expanded Parts Model for Semantic Description of Humans in Still Images},
  Author		 = {Sharma, Gaurav and Jurie, Fr{\'e}d{\'e}ric and Schmid, Cordelia},
  Institution = {{Max-Planck Institute for Informatics ; GREYC CNRS UMR 6072, Universite de Caen ; INRIA Grenoble - Rh{\^o}ne-Alpes}},
  Year			 = {2015},
  month 		= {September},
}

@techreport{WahTR11Caltechucsd,
  Title			 = {The {Caltech-UCSD} Birds-200-2011 Dataset},
  Author		 = {Wah, Catherine and Branson, Steve and Welinder, Peter and Perona, Pietro and Belongie, Serge},
  Year			 = {2011},
  Institution 	= {California Institute of Technology},
  Number 		= {CNS-TR-2011-001}
}



@misc{tab5,
	Title = {----------------------------- ARXIV -----------------------------------}
}


@Article{DaumeX09Frustratingly,
  Title                    = {Frustratingly Easy Domain Adaptation},
  Author		                   = {H. Daum{\'e}},
  Journal                  = {CoRR},
  Year                     = {2009},
  Volume                   = {arXiv:0907.1815}
}

@Article{HintonX12Improving,
  Title						={Improving neural networks by preventing co-adaptation of feature detectors},
  Author					={Hinton, Geoffrey E and Srivastava, Nitish and Krizhevsky, Alex and Sutskever, Ilya and Salakhutdinov, Ruslan R},
  Journal                  = {CoRR},
  Volume				   = {arXiv:1207.0580},
  Year					   = {2012}
}


@Article{BeijbomX12Domain,
  Title                    = {Domain adaptations for computer vision applications},
  Author                   = {O. Beijbom},
  Journal                  = {CoRR},
  Volume                  = {arXiv:1211.4860},
  Year                     = {2012},
}




@Article{DonahueX13Decaf,
  Title					={Decaf: A deep convolutional activation feature for generic visual recognition},
  Author				={Donahue, Jeff and Jia, Yangqing and Vinyals, Oriol and Hoffman, Judy and Zhang, Ning and Tzeng, Eric and Darrell, Trevor},
  Journal               = {CoRR},
  Volume				={arXiv:1310.1531},
  Year					={2013}
}


@Article{SermanetX13Overfeat,
  Title					={Overfeat: Integrated recognition, localization and detection using convolutional networks},
  Author				={Sermanet, Pierre and Eigen, David and Zhang, Xiang and Mathieu, Micha{\"e}l and Fergus, Rob and LeCun, Yann},
  Journal               = {CoRR},
  Volume				={arXiv:1312.6229},
  Year					={2013}
}


@Article{MikolovX13Efficient,
  Title				={Efficient Estimation of Word Representations in Vector Space},
  Author			={Mikolov, Tomas  and Chen, Kai and Corrado, Greg  and Dean, Jeffrey },
  Journal 			= {CoRR},
  Volume			={arXiv:1301.3781},
  Year				={2013}
}


@Article{HoffmanX13Efficient,
  Title				={Efficient learning of domain-invariant image representations},
  Author			={Hoffman, Judy and Rodner, Erik and Donahue, Jeff and Darrell, Trevor and Saenko, Kate},
  Journal 			= {CoRR},
  Volume			={arXiv:1301.3224},
  Year				={2013}
}


@Article{TzengX14Deep,
  Title			={Deep domain confusion: Maximizing for domain invariance},
  Author		={Tzeng, Eric and Hoffman, Judy and Zhang, Ning and Saenko, Kate and Darrell, Trevor},
  Journal 		= {CoRR},
  Volume		={arXiv:1412.3474},
  Year			={2014}
}




@Article{PariziX14Automatic,
  Title			={Automatic discovery and optimization of parts for image classification},
  Author		={Parizi, Sobhan Naderi and Vedaldi, Andrea and Zisserman, Andrew and Felzenszwalb, Pedro},
  Journal 		= {CoRR},
  Volume		={arXiv:1412.6598},
  Year			={2014}
}

@Article{SimonyanX14Very,
  Title			={Very deep convolutional networks for large-scale image recognition},
  Author		={Simonyan, Karen and Zisserman, Andrew},
  Journal 		= {CoRR},
  Volume		={arXiv:1409.1556},
  Year			={2014}
}

@Article{ChenX14learning,
  Title			={Learning deep structured models},
  Author		={Chen, Liang-Chieh and Schwing, Alexander G and Yuille, Alan L and Urtasun, Raquel},
  Journal		= {CoRR},
  Volume		={arXiv:1407.2538},
  Year			={2014}
}


@Article{JiaX14Caffe,
  Author		 = {Jia, Yangqing and Shelhamer, Evan and Donahue, Jeff and Karayev, Sergey and Long, Jonathan and Girshick, Ross and Guadarrama, Sergio and Darrell, Trevor},
  Journal 		= {CoRR},
  Volume 		= {arXiv:1408.5093},
  Title 		= {Caffe: Convolutional Architecture for Fast Feature Embedding},
  Year			 = {2014}
}


@Article{GaninX14Unsupervised,
  Title				={Unsupervised domain adaptation by backpropagation},
  Author			={Ganin, Yaroslav and Lempitsky, Victor},
  Journal 			= {CoRR},
  Volume			={arXiv:1409.7495},
  Year				={2014}
}


@Article{PanagantiX14Generalized,
  Title                    = {Generalized Adaptive Dictionary Learning via Domain Shift Minimization},
  Author                   = {Panaganti, Varun},
  Journal                  = {CoRR},
  Volume				   = {arXiv:1411.0022},
  Year                     = {2014},
}

@Article{MaatenX14Learning,
  Title                    = {Learning with Marginalized Corrupted Features},
  Author                   = {Maaten, Laurens van der and Chen, Minmin and Tyree,  Stephen 
						and Weinberger, Kilian},
  Journal 				   = {CoRR},
  Year                     = {2014},
  Volume                   = {arXiv:1402.7001}
}

@Article{FernandoX14Subspace,
  Title                    = {Subspace Alignment For Domain Adaptation},
  Author                   = {Fernando, Basura and Habrard, Amaury and Sebban, Marc and Tuytelaars, Tinne},
  Journal                  = {CoRR},
  Year                     = {2014},
  Volume                   = {arXiv:1409.5241}
}

 
 
 @Article{XuX14Hierarchical,
  Title                    = {Hierarchical Adaptive Structural SVM for Domain Adaptation},
  Author                   = {Xu, Jiaolong and Ramos, Sebastian and Vazquez, David and L\'{o}pez, Antonio},
  Journal                  = {CoRR},
  Year                     = {2014},
  Volume                   = {arXiv:1408.5400}
}
  
  @Article{YangX14Unified,
   Author                   = {Yang, Yongxin  and Hospedales, Timothy M.},
   Title                    = { A Unified Perspective on Multi-Domain and Multi-Task Learning},
   Journal                  = {CoRR},
  Year                     = {2014},
  Volume                   = {arXiv:1412.7489}
}  
   
   
  
@Article{GaidonX15Online,
  Author   			 = {Gaidon, Adrien and Zen, Gloria and  Rodriguez-Serrano, Jose A.},
  Title			     = {Self-Learning Camera: Autonomous Adaptation of Object Detectors to Unlabeled Video Streams},
  Journal 			= {CoRR},
    Volume			= {arXiv:1406:4296},
  Year     			 = {2014},
}
  

@Article{HenaffX15Deep,
  Title			={Deep convolutional networks on graph-structured data},
  Author		={Henaff, Mikael and Bruna, Joan and LeCun, Yann},
  Journal 		= {CoRR},
  Volume		={arXiv:1506.05163},
  Year			={2015}
}

@Article{RedmonX15You,
  Title			={You only look once: Unified, real-time object detection},
  Author		={Redmon, Joseph and Divvala, Santosh and Girshick, Ross and Farhadi, Ali},
  Journal 		= {CoRR},
  Volume		={arXiv:1506.02640},
  Year			={2015}
}


@Article{HeX15Deep,
  Title			={Deep Residual Learning for Image Recognition},
  Author		={He, Kaiming and Zhang, Xiangyu and Ren, Shaoqing and Sun, Jian},
  Journal 		= {CoRR},
  Volume		={arXiv:1512.03385},
  Year			={2015}
}


@Article{SunX15Return,
  Title			={Return of Frustratingly Easy Domain Adaptation},
  Author		={Sun, Baochen and Feng, Jiashi and Saenko, Kate},
  Journal 		= {CoRR},
  Volume		={arXiv:1511.05547},
  Year			={2015}
}


@Article{CourtyX15Optimal,
  Title			={Optimal Transport for Domain Adaptation},
  Author		={Courty, Nicolas  and Flamary, R\'{e}mi  and Tuia, Devis  and  Rakotomamonjy, Alain},
  Journal 		= {CoRR},
  Volume		={arXiv:1507.00504},
  Year			={2015}
}


@Article{BellX15Inside,
  Title			={Inside-Outside Net: Detecting Objects in Context with Skip Pooling and Recurrent Neural Networks},
  Author		={Bell, Sean and Zitnick, C Lawrence and Bala, Kavita and Girshick, Ross},
  Journal 		= {CoRR},
  Volume		={arXiv:1512.04143},
  Year			={2015}
}


@Article{BilenX15Weakly,
  Title			={Weakly Supervised Deep Detection Networks},
  Author		={Bilen, Hakan and Vedaldi, Andrea},
  Journal 		= {CoRR},
  Volume		={arXiv:1511.02853}
}


@Article{TommasiX15Deeper,
  Title						={A Deeper Look at Dataset Bias},
  Author					={Tommasi,  Tatiana  and   Patricia, Novi and Caputo, Barbara  and 
						Tuytelaars, Tinne},
  Journal			 		= {CoRR},
  Volume 					= {arXiv:1505.01257},
  Year						={2015}
}


@Article{GaninX15Domainadversarial,
  Title                    = {Domain-Adversarial Training of Neural Networks},
  Author                   = { Ganin, Yaroslav and Ustinova, Evgeniya  and  Ajakan, Hana and
						Germain, Pascal  and Larochelle,  Hugo  and  Laviolette, Fran{\c{c}}ois and
						Mario Marchand and Lempitsky, Victor S.},
  Journal                  = {CoRR},
  Year                     = {2015},
  Volume                   = {arXiv:1505.07818}
  }

  
  
  
  

@Article{KrishnaX16Visual,
  Title			={Visual Genome: Connecting Language and Vision Using Crowdsourced Dense Image Annotations},
  Author		={Krishna, Ranjay and Zhu, Yuke and Groth, Oliver and Johnson, Justin and Hata, Kenji and Kravitz, Joshua and Chen, Stephanie and Kalantidis, Yannis and Li, Li-Jia and Shamma, David A and Bernstein, Michael and Fei-Fei, Li},
  Year			 = {2016},
  Journal 		= {CoRR},
  Volume		={arXiv:1602:07332},
}


@Article{CsurkaX16What,
  Title			={What is the right way to represent document images?},
  Author		={Csurka, Gabriela and  Larlus, Diane and Gordo, Albert  and Almazan, Jon},
  Year			 = {2016},
  Journal 		= {CoRR},
  Volume		={arXiv:1603.01076},
}


@InProceedings{LongX16Deep,
  Title			 = {Deep Transfer Learning with Joint Adaptation Networks},
  Author        = {Long, Mingsheng and Wang, Jianmin and Jordan, Michael I.},
 Journal 		= {CoRR},
  Volume		={arXiv:1605.06636},
  Year			 = {2016}
}
