@article{RussellIJCV08labelme,
author={B. C. Russell and A. Torralba and K. P. Murphy and W. T. Freeman},
title={{LabelMe}: a database and web-based tool for image annotation},
journal={IJCV},
volume=77,
year= 2008,
pages={157--173},
}

@inproceedings{WangCVPR2011automatic,
  title={Automatic adaptation of a generic pedestrian detector to a specific traffic scene},
  author={Wang, M. and Wang, X.},
  booktitle={CVPR},
  year={2011}
}

@inproceedings{JainCVPR10online,
  title={Online Domain Adaptation of a Pre-Trained Cascade of Classifiers},
  author={Jain, V. and Learned-Miller, E.},
  booktitle={CVPR},
  year={2011}
}

@inproceedings{BlitzerACL07domain,
  title={Biographies, bolly-wood, boomboxes and blenders: Domain adaptation for sentiment classification},
  author={Blitzer, J. and Dredze, M. and Pereira, F.},
  booktitle={ACL},
  year={2007}
}

@inproceedings{DaumeNIPS10co,
  title={Co-regularization based semi-supervised domain adaptation},
  author={Daum{\'e} III, H. and Kumar, A. and Saha, A.},
  booktitle={NIPS},
  year={2010}
}


@article{BenDavidML10A,
        author = {S. Ben-David and J. Blitzer and K. Crammer and A. Kulesza and F. Pereira and J.  Wortman},
	journal={Machine Learning},
	title={A Theory of Learning from Different Domains},
	volume=79,
	pages={151--175},
	year={2010}}
	
	
@inproceedings{MansourUAI09multiple,
  title={Multiple Source Adaptation and the R\'{e}nyi Divergence},
  author={Mansour, Y. and Mohri, M. and Rostamizadeh, A.},
  booktitle={UAI},
  year={2009}
}

@ARTICLE{LanckrietJMLR04kernel,
  author = {Lanckriet, G. R. G. and Cristianini, N. and Bartlett, P.
	and Ghaoui, L. El and Jordan, M.},
  title = {Learning the Kernel Matrix with Semidefinite Programming},
  journal = {JMLR},
  year = {2004},
  volume = {5},
  pages = {27--72}
}

@inproceedings{VedaldiICCV09multiple,
  title={Multiple kernels for object detection},
  author={Vedaldi, Andrea and Gulshan, Varun and Varma, Manik and Zisserman, Andrew},
  booktitle={ICCV},
  year={2009}
}

@inproceedings{HamICML04kernel,
  title={A kernel view of the dimensionality reduction of manifolds},
  author={Ham, Jihun and Lee, Daniel D and Mika, Sebastian and Sch{\"o}lkopf, Bernhard},
  booktitle={ICML},
  year={2004},
}


@article{RoweisSCI00nonlinear,
  title={Nonlinear dimensionality reduction by locally linear embedding},
  author={Roweis, Sam T and Saul, Lawrence K},
  journal={Science},
  volume={290},
  number={5500},
  pages={2323--2326},
  year={2000}
}


@article{WeinbergerIJCV06unsupervised,
  title={Unsupervised learning of image manifolds by semidefinite programming},
  author={Weinberger, Kilian Q and Saul, Lawrence K},
  journal={International Journal of Computer Vision},
  volume={70},
  number={1},
  pages={77--90},
  year={2006}
}

@inproceedings{HammICML08grassmann,
  title={Grassmann discriminant analysis: a unifying view on subspace-based learning},
  author={Hamm, J. and Lee, D.D.},
  booktitle={ICML},
  year={2008}
}


@inproceedings{GrettonNIPS06kernel,
 title = {A kernel method for the two-sample-problem},
 author = {A. Gretton and K. Borgwardt and M. Rasch and B. Sch$\ddot{o}$lkopf and A. Smola},
 booktitle = {NIPS},
 year = {2006}
}

@techreport{Griffin07Caltech,
Author = {Griffin, G.  and  Holub, A. and  Perona, P.},
Title = {Caltech-256 Object Category Dataset},
Institution = {Caltech},
    Year = {2007},
    }
    
@book{Hastie09Elements,
  title={The Elements of Statistical Learning},
  author={Hastie, T.  and Tibshirani, R.  and Friedman, J. },
  publisher={Springer},
  year = 2009
 }
 
@article{AndoJMLR05framework,
  title={A framework for learning predictive structures from multiple tasks and unlabeled data},
  author={Ando, R.K. and Zhang, T.},
  journal={JMLR},
  volume={6},
  pages={1817--1853},
  year={2005},
  publisher={JMLR. org}
}  


@inproceedings{LiCVPR12discriminative,
  title={Discriminative virtual views for cross-view action recognition},
  author={Li, Ruonan and Zickler, Todd},
  booktitle={CVPR},
  year={2012}
}


@inproceedings{DredzeEMNLP08multi,
 author = {Dredze, Mark and Crammer, Koby},
 title = {Online methods for multi-domain learning and adaptation},
 booktitle = {Proceedings of the Conference on Empirical Methods in Natural Language Processing},
 series = {EMNLP},
 year = {2008},
 location = {Honolulu, Hawaii},
 pages = {689--697},
 numpages = {9},
}

@inproceedings{GopalanCVPR13learning,
  title={Learning Cross-Domain Information Transfer for Location Recognition and Clustering},
  author={Gopalan, Raghuraman},
  booktitle={CVPR},
  year={2013}
}
